<?xml version="1.0" encoding="UTF-8"?>
<!DOCTYPE html PUBLIC "-//W3C//DTD XHTML 1.0 Transitional//EN"
    "http://www.w3.org/TR/xhtml1/DTD/xhtml1-transitional.dtd">
<html xmlns="http://www.w3.org/1999/xhtml" xml:lang="en" lang="en">
 <head>
  <title>
</title>
<meta http-equiv="Content-Type" content="text/html;charset=utf-8" />
  <meta name='ocr-system' content='tesseract 3.04.00' />
  <meta name='ocr-capabilities' content='ocr_page ocr_carea ocr_par ocr_line ocrx_word'/>
</head>
<body>
  <div class='ocr_page' id='page_1' title='image "./iurisprudentiae05bremgoog_0416.png"; bbox 0 0 2614 3914; ppageno 0'>
   <div class='ocr_carea' id='block_1_1' title="bbox 153 187 1167 254">
    <p class='ocr_par' dir='ltr' id='par_1_1' title="bbox 153 187 1167 254">
     <span class='ocr_line' id='line_1_1' title="bbox 153 187 1167 254; baseline -0.003 -7"><span class='ocrx_word' id='word_1_1' title='bbox 153 190 218 254; x_wconf 88' lang='grc'>408</span> <span class='ocrx_word' id='word_1_2' title='bbox 245 189 318 246; x_wconf 86' lang='lat' dir='ltr'>VIII.</span> <span class='ocrx_word' id='word_1_3' title='bbox 335 189 469 244; x_wconf 80' lang='lat' dir='ltr'>ocTAvl</span> <span class='ocrx_word' id='word_1_4' title='bbox 484 189 689 245; x_wconf 79' lang='lat' dir='ltr'>SAEC.IURIS</span> <span class='ocrx_word' id='word_1_5' title='bbox 705 187 1015 245; x_wconf 66' lang='lat' dir='ltr'>consecraturus</span> <span class='ocrx_word' id='word_1_6' title='bbox 1029 188 1167 244; x_wconf 82' lang='lat' dir='ltr'>TERTIA</span> 
     </span>
    </p>
   </div>
   <div class='ocr_carea' id='block_1_2' title="bbox 388 377 930 560">
    <p class='ocr_par' dir='ltr' id='par_1_2' title="bbox 388 377 930 560">
     <span class='ocr_line' id='line_1_2' title="bbox 570 377 746 451; baseline 0 -16"><span class='ocrx_word' id='word_1_7' title='bbox 570 377 616 435; x_wconf 86' lang='lat' dir='ltr'>De</span> <span class='ocrx_word' id='word_1_8' title='bbox 639 377 746 451; x_wconf 76' lang='lat' dir='ltr'>tepolis,</span> 
     </span>
     <span class='ocr_line' id='line_1_3' title="bbox 388 477 930 560; baseline 0 -13"><span class='ocrx_word' id='word_1_9' title='bbox 388 492 433 547; x_wconf 87' lang='lat' dir='ltr'>De</span> <span class='ocrx_word' id='word_1_10' title='bbox 449 477 539 559; x_wconf 69' lang='lat' dir='ltr'>samito</span> <span class='ocrx_word' id='word_1_11' title='bbox 557 509 618 548; x_wconf 84' lang='lat' dir='ltr'>cum</span> <span class='ocrx_word' id='word_1_12' title='bbox 636 495 816 548; x_wconf 74' lang='lat' dir='ltr'>imtrumeatc</span> <span class='ocrx_word' id='word_1_13' title='bbox 835 493 930 560; x_wconf 70' lang='lat' dir='ltr'>leuato.</span> 
     </span>
    </p>
   </div>
   <div class='ocr_carea' id='block_1_3' title="bbox 154 601 1169 863">
    <p class='ocr_par' dir='ltr' id='par_1_3' title="bbox 154 601 1169 863">
     <span class='ocr_line' id='line_1_4' title="bbox 244 601 1168 686; baseline -0.001 -18"><span class='ocrx_word' id='word_1_14' title='bbox 244 603 273 668; x_wconf 90' lang='lat'>3.</span> <span class='ocrx_word' id='word_1_15' title='bbox 296 601 335 666; x_wconf 92' lang='lat' dir='ltr'>D.</span> <span class='ocrx_word' id='word_1_16' title='bbox 355 603 407 684; x_wconf 84' lang='lat'>33,</span> <span class='ocrx_word' id='word_1_17' title='bbox 427 604 456 685; x_wconf 78' lang='lat'>7,</span> <span class='ocrx_word' id='word_1_18' title='bbox 474 605 504 667; x_wconf 88' lang='grc'>4.</span> <span class='ocrx_word' id='word_1_19' title='bbox 535 602 706 669; x_wconf 78' lang='lat' dir='ltr'>Iavolenus</span> <span class='ocrx_word' id='word_1_20' title='bbox 729 602 813 666; x_wconf 89' lang='lat' dir='ltr'>libro</span> <span class='ocrx_word' id='word_1_21' title='bbox 837 602 975 667; x_wconf 89' lang='lat' dir='ltr'>secundo</span> <span class='ocrx_word' id='word_1_22' title='bbox 1000 623 1038 666; x_wconf 85' lang='lat' dir='ltr'>ex</span> <span class='ocrx_word' id='word_1_23' title='bbox 1059 607 1168 686; x_wconf 90' lang='lat' dir='ltr'>poste·</span> 
     </span>
     <span class='ocr_line' id='line_1_5' title="bbox 156 688 1168 779; baseline 0.001 -24"><span class='ocrx_word' id='word_1_24' title='bbox 156 691 295 756; x_wconf 90' lang='lat' dir='ltr'>rioribus</span> <span class='ocrx_word' id='word_1_25' title='bbox 314 690 475 757; x_wconf 82' lang='lat' dir='ltr'>Labeonis</span> <span class='ocrx_word' id='word_1_26' title='bbox 496 689 545 779; x_wconf 90' lang='lat' dir='ltr'>(P.</span> <span class='ocrx_word' id='word_1_27' title='bbox 561 688 648 778; x_wconf 88' lang='grc'>181).</span> <span class='ocrx_word' id='word_1_28' title='bbox 686 688 775 779; x_wconf 83' lang='lat' dir='ltr'>(lum</span> <span class='ocrx_word' id='word_1_29' title='bbox 791 689 922 775; x_wconf 88' lang='lat' dir='ltr'>quidam</span> <span class='ocrx_word' id='word_1_30' title='bbox 945 690 1025 755; x_wconf 89' lang='lat' dir='ltr'>duos</span> <span class='ocrx_word' id='word_1_31' title='bbox 1049 691 1168 756; x_wconf 87' lang='lat' dir='ltr'>fundos</span> 
     </span>
     <span class='ocr_line' id='line_1_6' title="bbox 154 779 1169 863; baseline 0.001 -20"><span class='ocrx_word' id='word_1_32' title='bbox 154 781 282 845; x_wconf 90' lang='lat' dir='ltr'>iunctos</span> <span class='ocrx_word' id='word_1_33' title='bbox 301 780 435 844; x_wconf 89' lang='lat' dir='ltr'>baberet</span> <span class='ocrx_word' id='word_1_34' title='bbox 454 785 486 844; x_wconf 90' lang='lat' dir='ltr'>et</span> <span class='ocrx_word' id='word_1_35' title='bbox 505 803 544 846; x_wconf 86' lang='lat' dir='ltr'>ex</span> <span class='ocrx_word' id='word_1_36' title='bbox 563 781 665 845; x_wconf 90' lang='lat' dir='ltr'>altero</span> <span class='ocrx_word' id='word_1_37' title='bbox 685 781 794 862; x_wconf 85' lang='lat' dir='ltr'>boves,</span> <span class='ocrx_word' id='word_1_38' title='bbox 813 802 885 844; x_wconf 89' lang='lat' dir='ltr'>eum</span> <span class='ocrx_word' id='word_1_39' title='bbox 904 800 985 863; x_wconf 88' lang='lat' dir='ltr'>opus</span> <span class='ocrx_word' id='word_1_40' title='bbox 1006 779 1169 862; x_wconf 80' lang='lat' dir='ltr'>fecissent,</span> 
     </span>
    </p>
   </div>
   <div class='ocr_carea' id='block_1_4' title="bbox 154 868 1297 953">
    <p class='ocr_par' dir='ltr' id='par_1_4' title="bbox 154 868 1297 953">
     <span class='ocr_line' id='line_1_7' title="bbox 154 868 1297 953; baseline 0.004 -21"><span class='ocrx_word' id='word_1_41' title='bbox 154 870 189 932; x_wconf 90' lang='lat' dir='ltr'>in</span> <span class='ocrx_word' id='word_1_42' title='bbox 217 869 355 934; x_wconf 88' lang='lat' dir='ltr'>alterum</span> <span class='ocrx_word' id='word_1_43' title='bbox 383 874 636 952; x_wconf 86' lang='lat' dir='ltr'>reverterentur,</span> <span class='ocrx_word' id='word_1_44' title='bbox 663 873 833 953; x_wconf 88' lang='lat' dir='ltr'>utrumque</span> <span class='ocrx_word' id='word_1_45' title='bbox 860 868 995 932; x_wconf 88' lang='lat' dir='ltr'>fundum</span> <span class='ocrx_word' id='word_1_46' title='bbox 1023 891 1096 934; x_wconf 88' lang='lat' dir='ltr'>oum</span> <span class='ocrx_word' id='word_1_47' title='bbox 1119 869 1167 932; x_wconf 91' lang='lat' dir='ltr'>in·</span> <span class='ocrx_word' id='word_1_48' title='bbox 1292 928 1297 937; x_wconf 95' lang='lat'>.</span> 
     </span>
    </p>
   </div>
   <div class='ocr_carea' id='block_1_5' title="bbox 156 957 1222 2108">
    <p class='ocr_par' dir='ltr' id='par_1_5' title="bbox 156 957 1169 1200">
     <span class='ocr_line' id='line_1_8' title="bbox 157 957 1168 1043; baseline 0.001 -22"><span class='ocrx_word' id='word_1_49' title='bbox 157 961 336 1022; x_wconf 88' lang='lat' dir='ltr'>strumento</span> <span class='ocrx_word' id='word_1_50' title='bbox 361 959 534 1043; x_wconf 73' lang='lat' dir='ltr'>legaverat.</span> <span class='ocrx_word' id='word_1_51' title='bbox 572 959 679 1022; x_wconf 85' lang='lat' dir='ltr'>Labeo</span> <span class='ocrx_word' id='word_1_52' title='bbox 699 957 869 1022; x_wconf 81' lang='lat' dir='ltr'>Trebatius</span> <span class='ocrx_word' id='word_1_53' title='bbox 893 958 992 1022; x_wconf 87' lang='lat' dir='ltr'>boves</span> <span class='ocrx_word' id='word_1_54' title='bbox 1017 958 1046 1020; x_wconf 90' lang='lat' dir='ltr'>ei</span> <span class='ocrx_word' id='word_1_55' title='bbox 1067 958 1168 1022; x_wconf 89' lang='lat' dir='ltr'>fundo</span> 
     </span>
     <span class='ocr_line' id='line_1_9' title="bbox 156 1046 1169 1131; baseline -0.001 -20"><span class='ocrx_word' id='word_1_56' title='bbox 156 1069 302 1112; x_wconf 89' lang='lat' dir='ltr'>cessuros</span> <span class='ocrx_word' id='word_1_57' title='bbox 317 1049 443 1131; x_wconf 90' lang='lat' dir='ltr'>putant,</span> <span class='ocrx_word' id='word_1_58' title='bbox 461 1048 518 1112; x_wconf 91' lang='lat' dir='ltr'>ubi</span> <span class='ocrx_word' id='word_1_59' title='bbox 532 1069 613 1131; x_wconf 93' lang='lat' dir='ltr'>opus</span> <span class='ocrx_word' id='word_1_60' title='bbox 627 1046 788 1128; x_wconf 88' lang='lat' dir='ltr'>fecissent,</span> <span class='ocrx_word' id='word_1_61' title='bbox 801 1067 866 1110; x_wconf 93' lang='lat' dir='ltr'>non</span> <span class='ocrx_word' id='word_1_62' title='bbox 880 1047 936 1111; x_wconf 90' lang='lat' dir='ltr'>ubi</span> <span class='ocrx_word' id='word_1_63' title='bbox 951 1068 1080 1110; x_wconf 89' lang='lat' dir='ltr'>manere</span> <span class='ocrx_word' id='word_1_64' title='bbox 1095 1068 1169 1111; x_wconf 89' lang='lat' dir='ltr'>oon·</span> 
     </span>
     <span class='ocr_line' id='line_1_10' title="bbox 156 1137 345 1200; baseline 0.011 -2"><span class='ocrx_word' id='word_1_65' title='bbox 156 1137 345 1200; x_wconf 76' lang='lat' dir='ltr'>suasissent.</span> 
     </span>
    </p>

    <p class='ocr_par' dir='ltr' id='par_1_6' title="bbox 156 1221 1222 2108">
     <span class='ocr_line' id='line_1_11' title="bbox 244 1221 1170 1307; baseline 0 -19"><span class='ocrx_word' id='word_1_66' title='bbox 244 1225 274 1289; x_wconf 87' lang='lat'>4.</span> <span class='ocrx_word' id='word_1_67' title='bbox 306 1223 346 1288; x_wconf 91' lang='lat' dir='ltr'>D.</span> <span class='ocrx_word' id='word_1_68' title='bbox 366 1225 418 1306; x_wconf 87' lang='lat'>33,</span> <span class='ocrx_word' id='word_1_69' title='bbox 438 1227 467 1307; x_wconf 78' lang='lat'>7,</span> <span class='ocrx_word' id='word_1_70' title='bbox 488 1225 537 1306; x_wconf 84' lang='lat'>12,</span> <span class='ocrx_word' id='word_1_71' title='bbox 555 1225 586 1289; x_wconf 78' lang='lat'>5.</span> <span class='ocrx_word' id='word_1_72' title='bbox 622 1221 781 1307; x_wconf 82' lang='lat' dir='ltr'>Ulpianus</span> <span class='ocrx_word' id='word_1_73' title='bbox 811 1224 895 1288; x_wconf 88' lang='lat' dir='ltr'>libro</span> <span class='ocrx_word' id='word_1_74' title='bbox 923 1224 1100 1289; x_wconf 86' lang='lat' dir='ltr'>vicensimo</span> <span class='ocrx_word' id='word_1_75' title='bbox 1129 1224 1170 1288; x_wconf 86' lang='lat' dir='ltr'>ad</span> 
     </span>
     <span class='ocr_line' id='line_1_12' title="bbox 157 1310 1171 1398; baseline -0.002 -20"><span class='ocrx_word' id='word_1_76' title='bbox 157 1312 313 1378; x_wconf 84' lang='lat' dir='ltr'>Sabinum</span> <span class='ocrx_word' id='word_1_77' title='bbox 342 1313 391 1396; x_wconf 79' lang='lat' dir='ltr'>(P.</span> <span class='ocrx_word' id='word_1_78' title='bbox 410 1310 521 1398; x_wconf 82' lang='lat'>2609).</span> <span class='ocrx_word' id='word_1_79' title='bbox 572 1312 744 1377; x_wconf 81' lang='lat' dir='ltr'>Trebatius</span> <span class='ocrx_word' id='word_1_80' title='bbox 768 1362 776 1376; x_wconf 91' lang='lat'>.</span> <span class='ocrx_word' id='word_1_81' title='bbox 796 1361 803 1376; x_wconf 95' lang='lat'>.</span> <span class='ocrx_word' id='word_1_82' title='bbox 827 1314 925 1378; x_wconf 91' lang='lat' dir='ltr'>etiam</span> <span class='ocrx_word' id='word_1_83' title='bbox 952 1314 1109 1396; x_wconf 88' lang='lat' dir='ltr'>pistorem</span> <span class='ocrx_word' id='word_1_84' title='bbox 1138 1321 1171 1378; x_wconf 89' lang='lat' dir='ltr'>et</span> 
     </span>
     <span class='ocr_line' id='line_1_13' title="bbox 156 1402 1222 1487; baseline -0.001 -21"><span class='ocrx_word' id='word_1_85' title='bbox 156 1405 333 1486; x_wconf 85' lang='lat' dir='ltr'>tonsorem,</span> <span class='ocrx_word' id='word_1_86' title='bbox 353 1403 408 1485; x_wconf 92' lang='lat' dir='ltr'>qui</span> <span class='ocrx_word' id='word_1_87' title='bbox 426 1402 568 1467; x_wconf 87' lang='lat' dir='ltr'>familiae</span> <span class='ocrx_word' id='word_1_88' title='bbox 586 1402 727 1466; x_wconf 79' lang='lat' dir='ltr'>rusticae</span> <span class='ocrx_word' id='word_1_89' title='bbox 742 1423 838 1466; x_wconf 89' lang='lat' dir='ltr'>causa</span> <span class='ocrx_word' id='word_1_90' title='bbox 852 1402 959 1487; x_wconf 90' lang='lat' dir='ltr'>parati</span> <span class='ocrx_word' id='word_1_91' title='bbox 975 1406 1060 1485; x_wconf 88' lang='lat' dir='ltr'>sunt,</span> <span class='ocrx_word' id='word_1_92' title='bbox 1074 1407 1172 1486; x_wconf 89' lang='lat' dir='ltr'>putat</span> <span class='ocrx_word' id='word_1_93' title='bbox 1218 1421 1222 1428; x_wconf 91' lang='lat'>·</span> 
     </span>
     <span class='ocr_line' id='line_1_14' title="bbox 157 1486 1171 1576; baseline -0.002 -20"><span class='ocrx_word' id='word_1_94' title='bbox 157 1491 314 1556; x_wconf 81' lang='lat' dir='ltr'>contineri</span> <span class='ocrx_word' id='word_1_95' title='bbox 343 1486 400 1576; x_wconf 85' lang='lat' dir='ltr'>(se.</span> <span class='ocrx_word' id='word_1_96' title='bbox 428 1491 643 1555; x_wconf 89' lang='lat' dir='ltr'>instrumento</span> <span class='ocrx_word' id='word_1_97' title='bbox 671 1488 808 1575; x_wconf 82' lang='lat' dir='ltr'>legato),</span> <span class='ocrx_word' id='word_1_98' title='bbox 837 1491 916 1554; x_wconf 91' lang='lat' dir='ltr'>item</span> <span class='ocrx_word' id='word_1_99' title='bbox 943 1491 1087 1574; x_wconf 87' lang='lat' dir='ltr'>fabrum,</span> <span class='ocrx_word' id='word_1_100' title='bbox 1115 1492 1171 1576; x_wconf 93' lang='lat' dir='ltr'>qui</span> 
     </span>
     <span class='ocr_line' id='line_1_15' title="bbox 157 1579 1172 1664; baseline -0.001 -20"><span class='ocrx_word' id='word_1_101' title='bbox 157 1580 254 1644; x_wconf 84' lang='lat' dir='ltr'>villae</span> <span class='ocrx_word' id='word_1_102' title='bbox 282 1579 471 1644; x_wconf 89' lang='lat' dir='ltr'>reficiendae</span> <span class='ocrx_word' id='word_1_103' title='bbox 499 1601 596 1644; x_wconf 90' lang='lat' dir='ltr'>causa</span> <span class='ocrx_word' id='word_1_104' title='bbox 618 1587 752 1663; x_wconf 89' lang='lat' dir='ltr'>paratus</span> <span class='ocrx_word' id='word_1_105' title='bbox 776 1582 832 1662; x_wconf 87' lang='lat' dir='ltr'>sit,</span> <span class='ocrx_word' id='word_1_106' title='bbox 858 1585 890 1642; x_wconf 91' lang='lat' dir='ltr'>et</span> <span class='ocrx_word' id='word_1_107' title='bbox 912 1580 1063 1643; x_wconf 90' lang='lat' dir='ltr'>mulieres</span> <span class='ocrx_word' id='word_1_108' title='bbox 1088 1601 1172 1664; x_wconf 89' lang='lat' dir='ltr'>quae</span> 
     </span>
     <span class='ocr_line' id='line_1_16' title="bbox 157 1667 1173 1753; baseline 0.001 -21"><span class='ocrx_word' id='word_1_109' title='bbox 157 1690 275 1752; x_wconf 89' lang='lat' dir='ltr'>panem</span> <span class='ocrx_word' id='word_1_110' title='bbox 294 1673 435 1752; x_wconf 90' lang='lat' dir='ltr'>coquant</span> <span class='ocrx_word' id='word_1_111' title='bbox 454 1690 597 1753; x_wconf 90' lang='lat' dir='ltr'>quaeque</span> <span class='ocrx_word' id='word_1_112' title='bbox 612 1669 721 1732; x_wconf 85' lang='lat' dir='ltr'>villam</span> <span class='ocrx_word' id='word_1_113' title='bbox 738 1671 880 1752; x_wconf 86' lang='lat' dir='ltr'>servent,</span> <span class='ocrx_word' id='word_1_114' title='bbox 898 1667 977 1732; x_wconf 90' lang='lat' dir='ltr'>item</span> <span class='ocrx_word' id='word_1_115' title='bbox 992 1669 1173 1750; x_wconf 65' lang='lat' dir='ltr'>molitores</span> 
     </span>
     <span class='ocr_line' id='line_1_17' title="bbox 159 1756 1174 1841; baseline -0.001 -20"><span class='ocrx_word' id='word_1_116' title='bbox 159 1757 187 1821; x_wconf 89' lang='lat' dir='ltr'>si</span> <span class='ocrx_word' id='word_1_117' title='bbox 215 1758 254 1822; x_wconf 90' lang='lat' dir='ltr'>ad</span> <span class='ocrx_word' id='word_1_118' title='bbox 284 1780 378 1822; x_wconf 91' lang='lat' dir='ltr'>usum</span> <span class='ocrx_word' id='word_1_119' title='bbox 404 1759 562 1822; x_wconf 87' lang='lat' dir='ltr'>rusticum</span> <span class='ocrx_word' id='word_1_120' title='bbox 589 1758 696 1841; x_wconf 89' lang='lat' dir='ltr'>parati</span> <span class='ocrx_word' id='word_1_121' title='bbox 724 1765 811 1838; x_wconf 89' lang='lat' dir='ltr'>sunt,</span> <span class='ocrx_word' id='word_1_122' title='bbox 844 1758 922 1821; x_wconf 76' lang='lat' dir='ltr'>Item</span> <span class='ocrx_word' id='word_1_123' title='bbox 953 1756 1110 1822; x_wconf 86' lang='lat' dir='ltr'>focariam</span> <span class='ocrx_word' id='word_1_124' title='bbox 1139 1762 1174 1821; x_wconf 92' lang='lat' dir='ltr'>et</span> 
     </span>
     <span class='ocr_line' id='line_1_18' title="bbox 158 1845 1173 1930; baseline 0 -20"><span class='ocrx_word' id='word_1_125' title='bbox 158 1847 302 1930; x_wconf 82' lang='lat' dir='ltr'>silicam,</span> <span class='ocrx_word' id='word_1_126' title='bbox 330 1847 357 1910; x_wconf 89' lang='lat' dir='ltr'>si</span> <span class='ocrx_word' id='word_1_127' title='bbox 386 1847 481 1911; x_wconf 89' lang='lat' dir='ltr'>modo</span> <span class='ocrx_word' id='word_1_128' title='bbox 510 1847 618 1929; x_wconf 89' lang='lat' dir='ltr'>aliquo</span> <span class='ocrx_word' id='word_1_129' title='bbox 648 1846 754 1911; x_wconf 85' lang='lat' dir='ltr'>officio</span> <span class='ocrx_word' id='word_1_130' title='bbox 785 1849 887 1910; x_wconf 86' lang='lat' dir='ltr'>virum</span> <span class='ocrx_word' id='word_1_131' title='bbox 919 1846 1060 1928; x_wconf 85' lang='lat' dir='ltr'>adiuvet,</span> <span class='ocrx_word' id='word_1_132' title='bbox 1091 1845 1173 1910; x_wconf 91' lang='lat' dir='ltr'>item</span> 
     </span>
     <span class='ocr_line' id='line_1_19' title="bbox 158 1935 1173 2020; baseline 0 -21"><span class='ocrx_word' id='word_1_133' title='bbox 158 1935 304 2001; x_wconf 83' lang='lat' dir='ltr'>lanificae</span> <span class='ocrx_word' id='word_1_134' title='bbox 338 1957 419 2020; x_wconf 90' lang='lat' dir='ltr'>quae</span> <span class='ocrx_word' id='word_1_135' title='bbox 451 1935 611 1999; x_wconf 88' lang='lat' dir='ltr'>familiam</span> <span class='ocrx_word' id='word_1_136' title='bbox 643 1935 797 1998; x_wconf 87' lang='lat' dir='ltr'>rusticam</span> <span class='ocrx_word' id='word_1_137' title='bbox 830 1935 986 2018; x_wconf 87' lang='lat' dir='ltr'>vestiunt,</span> <span class='ocrx_word' id='word_1_138' title='bbox 1023 1939 1056 1998; x_wconf 93' lang='lat' dir='ltr'>et</span> <span class='ocrx_word' id='word_1_139' title='bbox 1088 1957 1173 2019; x_wconf 91' lang='lat' dir='ltr'>quae</span> 
     </span>
     <span class='ocr_line' id='line_1_20' title="bbox 158 2025 700 2108; baseline -0.002 -20"><span class='ocrx_word' id='word_1_140' title='bbox 158 2025 375 2108; x_wconf 88' lang='lat' dir='ltr'>pulmentaria</span> <span class='ocrx_word' id='word_1_141' title='bbox 397 2025 527 2088; x_wconf 88' lang='lat' dir='ltr'>rusticis</span> <span class='ocrx_word' id='word_1_142' title='bbox 551 2027 700 2106; x_wconf 86' lang='lat' dir='ltr'>coquant.</span> 
     </span>
    </p>
   </div>
   <div class='ocr_carea' id='block_1_6' title="bbox 452 2188 807 2257">
    <p class='ocr_par' dir='ltr' id='par_1_7' title="bbox 452 2188 807 2257">
     <span class='ocr_line' id='line_1_21' title="bbox 452 2188 807 2257; baseline 0 -15"><span class='ocrx_word' id='word_1_143' title='bbox 452 2229 454 2236; x_wconf 90' lang='lat'>.</span> <span class='ocrx_word' id='word_1_144' title='bbox 513 2188 556 2242; x_wconf 86' lang='lat' dir='ltr'>De</span> <span class='ocrx_word' id='word_1_145' title='bbox 574 2189 687 2242; x_wconf 79' lang='lat' dir='ltr'>aedibus</span> <span class='ocrx_word' id='word_1_146' title='bbox 705 2189 807 2257; x_wconf 78' lang='lat' dir='ltr'>tepolis.</span> 
     </span>
    </p>
   </div>
   <div class='ocr_carea' id='block_1_7' title="bbox 158 2295 1197 2648">
    <p class='ocr_par' dir='ltr' id='par_1_8' title="bbox 158 2295 1197 2648">
     <span class='ocr_line' id='line_1_22' title="bbox 249 2295 1197 2386; baseline 0.003 -25"><span class='ocrx_word' id='word_1_147' title='bbox 249 2296 280 2361; x_wconf 85' lang='lat'>5.</span> <span class='ocrx_word' id='word_1_148' title='bbox 306 2296 344 2361; x_wconf 89' lang='lat' dir='ltr'>D.</span> <span class='ocrx_word' id='word_1_149' title='bbox 365 2296 417 2378; x_wconf 85' lang='lat'>33,</span> <span class='ocrx_word' id='word_1_150' title='bbox 437 2298 465 2381; x_wconf 77' lang='lat'>7,</span> <span class='ocrx_word' id='word_1_151' title='bbox 484 2298 527 2362; x_wconf 79' lang='lat'>26</span> <span class='ocrx_word' id='word_1_152' title='bbox 538 2319 584 2381; x_wconf 93' lang='lat' dir='ltr'>pr.</span> <span class='ocrx_word' id='word_1_153' title='bbox 621 2295 932 2386; x_wconf 87' lang='lat' dir='ltr'>Idem.(Iavolenus)</span> <span class='ocrx_word' id='word_1_154' title='bbox 951 2299 1035 2363; x_wconf 91' lang='lat' dir='ltr'>libro</span> <span class='ocrx_word' id='word_1_155' title='bbox 1055 2299 1173 2382; x_wconf 88' lang='lat' dir='ltr'>quinto</span> <span class='ocrx_word' id='word_1_156' title='bbox 1194 2307 1197 2316; x_wconf 90' lang='lat'>&#39;</span> 
     </span>
     <span class='ocr_line' id='line_1_23' title="bbox 160 2383 1175 2473; baseline 0.004 -25"><span class='ocrx_word' id='word_1_157' title='bbox 160 2407 198 2449; x_wconf 87' lang='lat' dir='ltr'>ex</span> <span class='ocrx_word' id='word_1_158' title='bbox 216 2384 449 2469; x_wconf 87' lang='lat' dir='ltr'>posterioribus</span> <span class='ocrx_word' id='word_1_159' title='bbox 469 2385 630 2450; x_wconf 90' lang='lat' dir='ltr'>Labeonis</span> <span class='ocrx_word' id='word_1_160' title='bbox 646 2385 694 2470; x_wconf 90' lang='lat' dir='ltr'>(P.</span> <span class='ocrx_word' id='word_1_161' title='bbox 709 2383 799 2473; x_wconf 79' lang='lat'>215).</span> <span class='ocrx_word' id='word_1_162' title='bbox 836 2385 932 2452; x_wconf 91' lang='lat' dir='ltr'>Dolia</span> <span class='ocrx_word' id='word_1_163' title='bbox 951 2388 1074 2466; x_wconf 88' lang='lat' dir='ltr'>fictilia,</span> <span class='ocrx_word' id='word_1_164' title='bbox 1092 2389 1175 2453; x_wconf 90' lang='lat' dir='ltr'>item</span> 
     </span>
     <span class='ocr_line' id='line_1_24' title="bbox 159 2473 1175 2562; baseline 0.003 -24"><span class='ocrx_word' id='word_1_165' title='bbox 159 2475 319 2559; x_wconf 89' lang='lat' dir='ltr'>plumbea,</span> <span class='ocrx_word' id='word_1_166' title='bbox 342 2473 458 2558; x_wconf 90' lang='lat' dir='ltr'>quibus</span> <span class='ocrx_word' id='word_1_167' title='bbox 481 2478 569 2539; x_wconf 87' lang='lat' dir='ltr'>terra</span> <span class='ocrx_word' id='word_1_168' title='bbox 592 2476 726 2561; x_wconf 86' lang='lat' dir='ltr'>adgesta</span> <span class='ocrx_word' id='word_1_169' title='bbox 749 2480 809 2559; x_wconf 88' lang='lat' dir='ltr'>est,</span> <span class='ocrx_word' id='word_1_170' title='bbox 834 2480 866 2540; x_wconf 93' lang='lat' dir='ltr'>et</span> <span class='ocrx_word' id='word_1_171' title='bbox 884 2477 918 2562; x_wconf 86' lang='lat' dir='ltr'>in</span> <span class='ocrx_word' id='word_1_172' title='bbox 936 2476 989 2540; x_wconf 88' lang='lat' dir='ltr'>his</span> <span class='ocrx_word' id='word_1_173' title='bbox 1008 2476 1175 2541; x_wconf 86' lang='lat' dir='ltr'>viridiaria</span> 
     </span>
     <span class='ocr_line' id='line_1_25' title="bbox 158 2563 984 2648; baseline 0.002 -20"><span class='ocrx_word' id='word_1_174' title='bbox 158 2564 265 2648; x_wconf 75' lang='lat' dir='ltr'>postte</span> <span class='ocrx_word' id='word_1_175' title='bbox 288 2564 414 2628; x_wconf 88' lang='lat' dir='ltr'>aedium</span> <span class='ocrx_word' id='word_1_176' title='bbox 438 2585 508 2629; x_wconf 90' lang='lat' dir='ltr'>esse</span> <span class='ocrx_word' id='word_1_177' title='bbox 530 2563 639 2629; x_wconf 89' lang='lat' dir='ltr'>Labeo</span> <span class='ocrx_word' id='word_1_178' title='bbox 663 2564 833 2629; x_wconf 84' lang='lat' dir='ltr'>Trebatius</span> <span class='ocrx_word' id='word_1_179' title='bbox 857 2569 984 2648; x_wconf 89' lang='lat' dir='ltr'>putant.</span> 
     </span>
    </p>
   </div>
   <div class='ocr_carea' id='block_1_8' title="bbox 146 2703 1174 2918">
    <p class='ocr_par' dir='ltr' id='par_1_9' title="bbox 146 2703 1174 2918">
     <span class='ocr_line' id='line_1_26' title="bbox 496 2703 833 2801; baseline -0.006 -15"><span class='ocrx_word' id='word_1_180' title='bbox 496 2732 541 2786; x_wconf 88' lang='lat' dir='ltr'>De</span> <span class='ocrx_word' id='word_1_181' title='bbox 558 2703 718 2801; x_wconf 75' lang='lat' dir='ltr'>supellectiti</span> <span class='ocrx_word' id='word_1_182' title='bbox 736 2732 833 2800; x_wconf 82' lang='lat' dir='ltr'>lepatu.</span> 
     </span>
     <span class='ocr_line' id='line_1_27' title="bbox 146 2839 1174 2918; baseline 0 -13"><span class='ocrx_word' id='word_1_183' title='bbox 146 2850 148 2855; x_wconf 83' lang='lat'>&#39;</span> <span class='ocrx_word' id='word_1_184' title='bbox 251 2841 280 2906; x_wconf 90' lang='lat'>6.</span> <span class='ocrx_word' id='word_1_185' title='bbox 311 2839 352 2904; x_wconf 87' lang='lat' dir='ltr'>D.</span> <span class='ocrx_word' id='word_1_186' title='bbox 373 2840 450 2906; x_wconf 90' lang='lat' dir='ltr'>ibid.</span> <span class='ocrx_word' id='word_1_187' title='bbox 473 2845 493 2918; x_wconf 67' lang='grc' dir='ltr'>ξ</span> <span class='ocrx_word' id='word_1_188' title='bbox 515 2842 543 2905; x_wconf 95' lang='grc'>1.</span> <span class='ocrx_word' id='word_1_189' title='bbox 588 2841 760 2906; x_wconf 87' lang='lat' dir='ltr'>Iavolenus</span> <span class='ocrx_word' id='word_1_190' title='bbox 788 2840 865 2906; x_wconf 88' lang='lat' dir='ltr'>ibid.</span> <span class='ocrx_word' id='word_1_191' title='bbox 906 2840 1011 2904; x_wconf 90' lang='lat' dir='ltr'>Molas</span> <span class='ocrx_word' id='word_1_192' title='bbox 1040 2863 1174 2905; x_wconf 89' lang='lat' dir='ltr'>manua-</span> 
     </span>
    </p>
   </div>
   <div class='ocr_carea' id='block_1_9' title="bbox 161 2929 1306 3084">
    <p class='ocr_par' dir='ltr' id='par_1_10' title="bbox 161 2929 1306 3084">
     <span class='ocr_line' id='line_1_28' title="bbox 161 2929 1306 3013; baseline 0.002 -21"><span class='ocrx_word' id='word_1_193' title='bbox 161 2929 225 2992; x_wconf 89' lang='lat' dir='ltr'>rias</span> <span class='ocrx_word' id='word_1_194' title='bbox 260 2929 388 3012; x_wconf 88' lang='lat' dir='ltr'>quidem</span> <span class='ocrx_word' id='word_1_195' title='bbox 417 2929 641 3013; x_wconf 88' lang='lat' dir='ltr'>supellectilis,</span> <span class='ocrx_word' id='word_1_196' title='bbox 673 2929 883 2993; x_wconf 88' lang='lat' dir='ltr'>iumentarias</span> <span class='ocrx_word' id='word_1_197' title='bbox 917 2932 1024 2993; x_wconf 92' lang='lat' dir='ltr'>autem</span> <span class='ocrx_word' id='word_1_198' title='bbox 1054 2931 1175 2994; x_wconf 90' lang='lat' dir='ltr'>instru-</span> <span class='ocrx_word' id='word_1_199' title='bbox 1304 2935 1306 2944; x_wconf 90' lang='lat'>&#39;</span> 
     </span>
     <span class='ocr_line' id='line_1_29' title="bbox 162 3015 1305 3084; baseline 0.003 -4"><span class='ocrx_word' id='word_1_200' title='bbox 162 3017 263 3081; x_wconf 90' lang='lat' dir='ltr'>menti</span> <span class='ocrx_word' id='word_1_201' title='bbox 295 3037 364 3080; x_wconf 88' lang='lat' dir='ltr'>esse</span> <span class='ocrx_word' id='word_1_202' title='bbox 397 3016 511 3082; x_wconf 89' lang='lat' dir='ltr'>Ofilius</span> <span class='ocrx_word' id='word_1_203' title='bbox 541 3019 594 3082; x_wconf 90' lang='lat' dir='ltr'>ait</span> <span class='ocrx_word' id='word_1_204' title='bbox 652 3017 760 3082; x_wconf 90' lang='lat' dir='ltr'>Labeo</span> <span class='ocrx_word' id='word_1_205' title='bbox 794 3015 971 3082; x_wconf 84' lang='lat' dir='ltr'>Cascellius</span> <span class='ocrx_word' id='word_1_206' title='bbox 999 3017 1173 3084; x_wconf 86' lang='lat' dir='ltr'>Trebatius</span> <span class='ocrx_word' id='word_1_207' title='bbox 1304 3070 1305 3076; x_wconf 49' lang='lat'>.</span> 
     </span>
    </p>
   </div>
   <div class='ocr_carea' id='block_1_10' title="bbox 161 3095 1306 3282">
    <p class='ocr_par' dir='ltr' id='par_1_11' title="bbox 161 3095 1306 3282">
     <span class='ocr_line' id='line_1_30' title="bbox 161 3095 1306 3190; baseline 0.001 -20"><span class='ocrx_word' id='word_1_208' title='bbox 161 3110 295 3170; x_wconf 87' lang='lat' dir='ltr'>neutras</span> <span class='ocrx_word' id='word_1_209' title='bbox 310 3106 533 3190; x_wconf 86' lang='lat' dir='ltr'>supellectilis,</span> <span class='ocrx_word' id='word_1_210' title='bbox 549 3107 603 3170; x_wconf 90' lang='lat' dir='ltr'>sed</span> <span class='ocrx_word' id='word_1_211' title='bbox 618 3106 726 3189; x_wconf 92' lang='lat' dir='ltr'>potius</span> <span class='ocrx_word' id='word_1_212' title='bbox 742 3107 948 3170; x_wconf 89' lang='lat' dir='ltr'>instrumenti</span> <span class='ocrx_word' id='word_1_213' title='bbox 961 3110 1078 3190; x_wconf 90' lang='lat' dir='ltr'>putant</span> <span class='ocrx_word' id='word_1_214' title='bbox 1093 3129 1173 3172; x_wconf 89' lang='lat' dir='ltr'>esse.</span> <span class='ocrx_word' id='word_1_215' title='bbox 1304 3095 1306 3108; x_wconf 46' lang='lat'><strong>²</strong></span> 
     </span>
     <span class='ocr_line' id='line_1_31' title="bbox 252 3191 1306 3282; baseline 0.002 -23"><span class='ocrx_word' id='word_1_216' title='bbox 252 3195 281 3259; x_wconf 79' lang='lat'>7.</span> <span class='ocrx_word' id='word_1_217' title='bbox 308 3194 347 3258; x_wconf 94' lang='lat' dir='ltr'>D.</span> <span class='ocrx_word' id='word_1_218' title='bbox 367 3193 419 3278; x_wconf 86' lang='lat'>33,</span> <span class='ocrx_word' id='word_1_219' title='bbox 440 3195 490 3279; x_wconf 88' lang='lat'>10,</span> <span class='ocrx_word' id='word_1_220' title='bbox 511 3194 561 3260; x_wconf 92' lang='grc'>11.</span> <span class='ocrx_word' id='word_1_221' title='bbox 603 3194 693 3258; x_wconf 91' lang='lat' dir='ltr'>Idem</span> <span class='ocrx_word' id='word_1_222' title='bbox 717 3191 916 3282; x_wconf 88' lang='lat' dir='ltr'>(Iavolenus)</span> <span class='ocrx_word' id='word_1_223' title='bbox 940 3195 1024 3259; x_wconf 87' lang='lat' dir='ltr'>libro</span> <span class='ocrx_word' id='word_1_224' title='bbox 1048 3195 1173 3260; x_wconf 89' lang='lat' dir='ltr'>decimo</span> <span class='ocrx_word' id='word_1_225' title='bbox 1304 3221 1306 3228; x_wconf 70' lang='grc'>’</span> 
     </span>
    </p>
   </div>
   <div class='ocr_carea' id='block_1_11' title="bbox 163 3280 1175 3370">
    <p class='ocr_par' dir='ltr' id='par_1_12' title="bbox 163 3280 1175 3370">
     <span class='ocr_line' id='line_1_32' title="bbox 163 3280 1175 3370; baseline 0.001 -23"><span class='ocrx_word' id='word_1_226' title='bbox 163 3305 202 3347; x_wconf 87' lang='lat' dir='ltr'>ex</span> <span class='ocrx_word' id='word_1_227' title='bbox 242 3281 475 3368; x_wconf 88' lang='lat' dir='ltr'>posterioribus</span> <span class='ocrx_word' id='word_1_228' title='bbox 512 3283 672 3348; x_wconf 87' lang='lat' dir='ltr'>Labeonis</span> <span class='ocrx_word' id='word_1_229' title='bbox 708 3280 763 3370; x_wconf 90' lang='lat' dir='ltr'>(P.</span> <span class='ocrx_word' id='word_1_230' title='bbox 790 3285 882 3368; x_wconf 77' lang='lat'>233).</span> <span class='ocrx_word' id='word_1_231' title='bbox 946 3283 1035 3348; x_wconf 86' lang='lat' dir='ltr'>Vasa</span> <span class='ocrx_word' id='word_1_232' title='bbox 1072 3305 1175 3348; x_wconf 88' lang='lat' dir='ltr'>aenea</span> 
     </span>
    </p>
   </div>
   <div class='ocr_carea' id='block_1_12' title="bbox 163 3372 1306 3459">
    <p class='ocr_par' dir='ltr' id='par_1_13' title="bbox 163 3372 1306 3459">
     <span class='ocr_line' id='line_1_33' title="bbox 163 3372 1306 3459; baseline -0.003 -22"><span class='ocrx_word' id='word_1_233' title='bbox 163 3373 307 3438; x_wconf 88' lang='lat' dir='ltr'>salientis</span> <span class='ocrx_word' id='word_1_234' title='bbox 331 3395 432 3459; x_wconf 88' lang='lat' dir='ltr'>aquae</span> <span class='ocrx_word' id='word_1_235' title='bbox 454 3375 576 3457; x_wconf 87' lang='lat' dir='ltr'>posita,</span> <span class='ocrx_word' id='word_1_236' title='bbox 602 3374 681 3437; x_wconf 89' lang='lat' dir='ltr'>item</span> <span class='ocrx_word' id='word_1_237' title='bbox 705 3372 832 3456; x_wconf 89' lang='lat' dir='ltr'>siquid</span> <span class='ocrx_word' id='word_1_238' title='bbox 856 3373 944 3437; x_wconf 87' lang='lat' dir='ltr'>aliud</span> <span class='ocrx_word' id='word_1_239' title='bbox 966 3373 1072 3457; x_wconf 85' lang='lat' dir='ltr'>magis</span> <span class='ocrx_word' id='word_1_240' title='bbox 1096 3373 1174 3437; x_wconf 89' lang='lat' dir='ltr'>deli·</span> <span class='ocrx_word' id='word_1_241' title='bbox 1305 3377 1306 3380; x_wconf 74' lang='grc'>’</span> 
     </span>
    </p>
   </div>
   <div class='ocr_carea' id='block_1_13' title="bbox 163 3462 1174 3637">
    <p class='ocr_par' dir='ltr' id='par_1_14' title="bbox 163 3462 1174 3637">
     <span class='ocr_line' id='line_1_34' title="bbox 164 3462 1174 3546; baseline 0.001 -20"><span class='ocrx_word' id='word_1_242' title='bbox 164 3462 285 3527; x_wconf 91' lang='lat' dir='ltr'>ciarum</span> <span class='ocrx_word' id='word_1_243' title='bbox 318 3485 415 3546; x_wconf 88' lang='lat' dir='ltr'>quam</span> <span class='ocrx_word' id='word_1_244' title='bbox 446 3486 524 3528; x_wconf 89' lang='lat' dir='ltr'>usus</span> <span class='ocrx_word' id='word_1_245' title='bbox 557 3484 654 3528; x_wconf 89' lang='lat' dir='ltr'>eausa</span> <span class='ocrx_word' id='word_1_246' title='bbox 683 3465 833 3545; x_wconf 87' lang='lat' dir='ltr'>paratum</span> <span class='ocrx_word' id='word_1_247' title='bbox 867 3465 966 3544; x_wconf 90' lang='lat' dir='ltr'>esset,</span> <span class='ocrx_word' id='word_1_248' title='bbox 1002 3483 1066 3527; x_wconf 91' lang='lat' dir='ltr'>non</span> <span class='ocrx_word' id='word_1_249' title='bbox 1102 3483 1174 3528; x_wconf 90' lang='lat' dir='ltr'>esse</span> 
     </span>
     <span class='ocr_line' id='line_1_35' title="bbox 163 3551 846 3637; baseline 0.001 -23"><span class='ocrx_word' id='word_1_250' title='bbox 163 3551 371 3634; x_wconf 87' lang='lat' dir='ltr'>supellectilis</span> <span class='ocrx_word' id='word_1_251' title='bbox 394 3551 503 3618; x_wconf 91' lang='lat' dir='ltr'>Labeo</span> <span class='ocrx_word' id='word_1_252' title='bbox 527 3551 698 3617; x_wconf 87' lang='lat' dir='ltr'>Trebatius</span> <span class='ocrx_word' id='word_1_253' title='bbox 721 3555 846 3637; x_wconf 88' lang='lat' dir='ltr'>putant.</span> 
     </span>
    </p>
   </div>
   <div class='ocr_carea' id='block_1_14' title="bbox 0 0 1323 3914">
    <p class='ocr_par' dir='ltr' id='par_1_15' title="bbox 0 0 1323 3914">
     <span class='ocr_line' id='line_1_36' title="bbox 0 0 1323 3914; baseline 0 0"><span class='ocrx_word' id='word_1_254' title='bbox 0 0 1323 3914; x_wconf 95' lang='lat' dir='ltr'> </span> 
     </span>
    </p>
   </div>
  </div>
 </body>
</html>
