2614 3914
160 203 227 268 402
264 203 335 260 VIII.
351 202 487 259 OCTAVI
501 201 704 259 sessionis
720 201 891 257 CONSULT.
902 200 1025 256 sanias
1040 202 1177 258 TERTIA

161 366 200 444 Q.
222 365 340 449 Caepio
368 368 500 450 praetor
528 387 567 431 ex
590 365 693 431 edioto
723 387 780 430 suo
809 365 889 429 mihi
913 363 1027 449 dedit',
1053 386 1176 449 negare

158 455 275 547 aiebat,
290 457 323 519 et
346 477 375 540 q.
398 477 422 520 s.

248 575 308 636 Cio.
326 577 358 635 in
376 575 461 636 Verr.
483 579 511 653 2,
531 577 582 652 45,
603 578 680 634 117:
704 569 742 634 ‘si
761 575 796 634 de
815 575 982 634 hereditate
1006 575 1175 653 ambigitur

159 669 191 725 et
212 666 335 725 tabulae
358 665 532 724 testamenti
555 664 731 740 obsignatae
753 683 813 723 non
834 664 933 722 minus
951 663 1057 722 multis
1077 664 1173 740 signis

159 773 250 832 quam
274 773 289 813 e
313 755 378 832 lege
403 757 522 830 oportet
545 754 582 812 ad
605 772 652 812 me
676 753 875 828 proferentur,
899 752 1064 812 seeundum
1083 754 1171 813 tabu·

158 844 219 902 lam
242 843 415 904 testamenti
437 842 627 919 potissimum
649 843 869 917 possessionem
892 835 990 902 dabo’.

370 1013 414 1067 De
432 1012 579 1067 donatione
596 1012 669 1066 inter
686 1012 777 1066 vienne
795 1017 955 1066 einnonem.

250 1121 303 1185 22.
328 1120 368 1185 D.
383 1121 435 1205 24,
445 1121 474 1200 3,
490 1121 543 1203 66,
554 1122 581 1185 1.
612 1119 783 1184 Iavolenus
802 1120 884 1185 libro
903 1124 994 1185 sexto
1010 1142 1049 1184 ex
1067 1124 1172 1205 poste·

163 1210 303 1276 rioribus
321 1209 482 1275 Labeonis
502 1206 552 1296 (P.
566 1207 656 1294 227).
697 1207 804 1274 Servis
825 1210 935 1274 uxoris
954 1210 1003 1274 vir
1021 1232 1172 1275 nummos

159 1300 195 1364 in
219 1298 407 1364 vestiarium
430 1297 569 1381 dederat,
592 1320 655 1382 quo
678 1301 792 1383 parato
811 1298 926 1362 deinde
945 1299 1032 1362 intra
1051 1321 1172 1364 annum
1294 1343 1295 1350 .

158 1388 332 1452 divortium
373 1389 610 1452 intercesserat.
667 1387 790 1470 placuit
826 1385 969 1451 Labeoni
1007 1387 1172 1472 Trebatio,
1295 1423 1296 1478 n

158 1477 269 1561 qualia
300 1478 496 1541 vestimenta
528 1480 604 1560 post
635 1475 810 1540 divortium
840 1481 961 1557 essent,
992 1476 1074 1541 talia
1101 1479 1170 1542 viro
1295 1485 1296 1522 ³

160 1565 263 1648 reddi3
283 1565 368 1630 idem
390 1565 469 1629 iuris
486 1565 631 1629 futurum
645 1564 768 1646 fuisset,
787 1565 815 1629 si
829 1565 901 1648 ipsa
915 1565 1109 1630 vestimenta
1122 1567 1172 1631 vir

160 1653 293 1718 emisset
311 1659 344 1719 et
362 1655 464 1719 servis
483 1653 637 1737 dedisset3
656 1652 742 1738 quod
761 1654 789 1717 si
807 1654 1002 1718 vestimenta
1019 1675 1086 1718 uon
1102 1655 1172 1719 red·

159 1743 321 1817 darentur,
343 1748 414 1807 tum
437 1743 541 1807 virum
563 1743 705 1827 pretium
727 1748 761 1806 in
784 1741 857 1807 dote
878 1746 1173 1826 compensaturum.

248 1834 301 1898 23.
329 1831 367 1896 D.
387 1833 486 1917 24,1,
503 1832 555 1896 64.
591 1830 762 1895 Iavolenus
786 1831 871 1895 libro
895 1839 986 1895 sexto
1005 1853 1043 1895 ex
1062 1838 1172 1914 poste-

159 1921 299 1986 rioribus
318 1920 478 1985 Labeonis
498 1918 547 2006 (P.
562 1917 651 2006 225).
688 1918 749 1984 Vir
772 1921 899 1984 mulieri
923 1919 1063 1985 divortio
1083 1921 1173 1987 facto

159 2010 318 2093 quaedam
339 2009 458 2074 ideireo
471 2009 616 2091 dederat,
639 2011 675 2071 ut
693 2008 733 2072 ad
753 2029 787 2072 se
805 2013 1031 2093 reverteretur,
1055 2011 1173 2075 mulier

157 2119 286 2162 reversa
305 2102 383 2181 erat,
402 2097 515 2161 deinde
534 2097 707 2160 divortium
727 2096 857 2162 fecerat.
893 2095 1027 2162 LABEO:
1050 2097 1173 2163 Treba·

156 2187 223 2250 tius
241 2187 325 2252 inter
340 2186 524 2250 Terentiam
540 2189 572 2248 et
585 2184 805 2249 Maecenatem
820 2187 996 2271 respondit,
1015 2186 1044 2251 si
1058 2210 1171 2253 verum

157 2275 331 2338 divortium
347 2274 469 2356 fuisset,
487 2276 592 2338 ratam
607 2294 676 2338 esse
693 2273 909 2359 donationem,
929 2276 956 2338 si
971 2275 1172 2361 simulatum,

155 2366 276 2427 eontra.

474 2447 518 2502 De
535 2449 668 2517 emptione
685 2450 846 2504 venditione.

244 2559 298 2623 24.
322 2556 402 2624 Gell.
416 2558 446 2641 4,
461 2559 491 2639 2,
506 2558 579 2642 9sq.
611 2557 659 2621 De
680 2559 782 2622 sterili
802 2558 990 2637 ..muliera
1009 2559 1037 2623 si
1057 2561 1170 2624 nativa

157 2646 328 2712 sterilitate
350 2648 402 2731 sit,
421 2647 610 2712 Trebatium
629 2652 744 2712 eontra
758 2645 941 2712 Labeonem
960 2647 1169 2731 respondisse

156 2736 276 2802 dieunt.
322 2759 398 2800 nam
426 2758 498 2801 oum
526 2736 681 2800 rethiberi
710 2757 781 2800 eam
804 2735 911 2800 Labeo
940 2737 1032 2820 quasi
1060 2738 1169 2802 minus

156 2847 270 2889 sanem
287 2829 444 2909 putasset,
463 2844 600 2908 negasse
621 2826 712 2889 aiunt
726 2824 914 2889 Trebatium
934 2846 972 2888 ex
991 2825 1096 2890 edicto
1112 2827 1169 2912 agi

154 2934 259 2998 posse,
279 2915 306 2976 si
325 2935 363 2976 ee
381 2913 496 2977 mulier
515 2936 534 2977 a
553 2913 710 2998 principio
730 2915 864 2997 genitali
883 2914 1056 2979 sterilitate
1071 2922 1168 2981 esset.

156 3006 192 3065 at
216 3002 243 3065 si
266 3001 410 3065 valitudo
435 3001 503 3065 eius
527 3001 711 3066 offendisset
732 3024 832 3086 exque
854 3003 1022 3067 sevitium
1043 3003 1167 3069 fantum

155 3094 252 3174 esset,
276 3093 312 3154 ut
335 3089 501 3172 oonoipere
524 3089 611 3153 fetus
633 3112 699 3154 non
723 3095 844 3175 posset,
867 3095 936 3156 tum
962 3112 1076 3156 sanam
1099 3115 1167 3157 non

154 3179 257 3244 videri
280 3182 313 3242 et
335 3200 404 3242 esse
427 3179 461 3242 in
485 3200 582 3242 eausa
604 3178 830 3244 rethibitionis.

242 3300 288 3360 De
311 3299 347 3359 D.
363 3301 414 3376 21,
430 3304 459 3374 1,
480 3301 563 3374 14,3
587 3321 614 3360 v.
635 3319 726 3376 supra
748 3320 777 3377 p.
797 3303 870 3369 392,

243 3390 279 3450 ef.
303 3387 379 3450 Gell.
399 3391 428 3465 4,
443 3391 472 3467 3,
489 3391 520 3448 2:
546 3388 671 3465 Spurius
696 3387 853 3468 Carvilius
876 3390 924 3449 eui
947 3389 1035 3467 Ruga
1058 3408 1166 3467 eogno-

153 3482 290 3538 mentum
313 3479 381 3552 fuit,
404 3478 451 3538 vir
468 3478 587 3554 nobilis,
611 3478 773 3538 divortium
792 3499 859 3538 oum
879 3497 970 3537 uxore
989 3478 1069 3555 feeit,
1094 3479 1168 3555 quia

152 3564 242 3624 liberi
265 3586 300 3626 ex
323 3586 358 3626 ea
381 3567 512 3642 eorporis
534 3567 608 3628 vitio
631 3587 691 3627 non
714 3569 916 3646 gignerentur.
