2598 3910
178 189 245 252 270
281 187 342 244 VII.
365 188 499 242 OCTAVI
516 187 614 242 SAEC.
628 187 726 242 mals
741 185 914 242 CONSULT.
929 184 1005 241 SER.
1020 184 1193 240 SECUNDA

176 353 266 416 iussu
290 351 456 416 testatoris
479 351 674 414 translatum
698 353 795 432 esset,
822 349 946 414 deberi:
974 349 1193 432 contradere,

177 441 206 505 si
228 441 352 505 iniussu
375 441 571 504 translatum
594 443 687 503 esset

535 614 579 668 De
597 613 711 667 aedibae
730 613 832 682 tepolis.

266 725 296 788 2.
320 721 358 787 Ι).
374 725 426 805 32,
441 724 492 806 30,
508 723 537 786 6.
575 721 683 786 Labeo
707 722 791 786 libro
816 721 954 786 seeundo
972 722 1192 806 posteriorum

180 835 199 876 a
217 811 375 877 Javoleno
395 812 646 894 epitomatorum
661 808 710 898 (P.
722 807 810 898 172).
845 808 881 874 Si
900 811 994 874 aedes
1014 811 1136 875 alienes
1156 817 1193 876 ut

180 902 273 966 dares
302 901 474 965 damnatus
503 901 547 964 sis
576 921 679 984 neque
704 921 758 964 eas
781 899 849 964 ulla
872 897 1061 964 condicione
1085 922 1193 965 emere

179 991 298 1074 possis,
340 990 511 1052 aestimare
552 989 689 1053 iudicem
727 992 875 1073 oportere
912 987 1027 1052 Ateius
1065 990 1190 1074 scribit,

179 1081 292 1164 quanti
316 1078 410 1142 aedes
435 1079 508 1164 sint,
531 1083 568 1141 ut
590 1079 696 1161 pretio
720 1078 828 1143 soluto
850 1077 945 1140 heres
968 1076 1135 1142 liberetur.

269 1206 333 1266 Gai.
349 1209 378 1284 2,
394 1209 471 1268 202:
505 1226 599 1284 eoque
632 1225 740 1285 genere
772 1207 866 1284 legati
899 1206 990 1265 etiam
1018 1207 1119 1266 aliena
1145 1227 1194 1267 res

178 1297 277 1374 legari
299 1299 413 1374 potest,
440 1297 485 1354 ite
511 1298 548 1354 ut
575 1297 661 1355 heres
684 1295 829 1354 redimere
852 1289 959 1373 <rem>
981 1297 1012 1354 et
1035 1301 1193 1372 praestare

179 1389 234 1444 ant
257 1385 498 1444 aestimationem
521 1385 586 1443 eius
610 1385 681 1443 dare
705 1384 821 1443 debeat.

544 1554 588 1609 De
606 1556 679 1610 dotis
696 1555 822 1609 dictione.

269 1664 299 1728 3.
328 1663 366 1730 D.
386 1665 437 1748 23,
452 1666 482 1745 3,
502 1665 552 1743 79,
570 1667 597 1729 1.
640 1663 746 1728 Labeo
771 1663 855 1728 libro
879 1666 969 1728 sexto
993 1662 1193 1729 aJavoleno

180 1751 431 1836 epitomatorem
455 1751 503 1838 (Ρ.
522 1751 610 1839 221).
656 1752 753 1816 Pater
784 1752 871 1816 filiae
903 1751 1034 1817 nomine
1063 1757 1194 1817 eentum

180 1842 248 1905 doti
275 1843 324 1906 ita
350 1841 456 1925 araia,
485 1841 569 1906 ‘eum
599 1840 896 1906 commodissimum
924 1838 1029 1905 esset'.
1076 1841 1194 1908 Ateius

108 2013 110 2018 Ι
180 1931 311 2014 scripsit
339 1930 485 1996 Servium
513 1929 732 2013 respondisse,
762 1951 835 1995 eum
862 1930 1003 2015 primum
1032 1931 1102 1994 sine
1126 1937 1194 1995 tur·

178 2020 325 2103 pitudine
349 2023 382 2085 et
404 2019 540 2082 infamia
564 2019 633 2082 dari
656 2019 769 2102 possit,
793 2017 909 2083 deberi.

250 2154 265 2201 1
294 2149 367 2204 Trio.
386 2145 525 2217 promisit.

613 2237 657 2290 De
676 2254 756 2306 aqua.

269 2347 299 2410 4.
331 2345 368 2410 D.
389 2346 441 2430 39,
459 2345 489 2431 3,
507 2348 538 2424 2,
556 2347 586 2410 4.
641 2345 761 2411 Paulus
798 2347 882 2411 libro
920 2347 1194 2432 quadragensimo

180 2455 267 2498 nono
292 2434 332 2498 ad
353 2435 492 2500 edietum
511 2432 562 2522 (P.
575 2435 664 2522 632).
706 2436 802 2518 Apud
821 2435 954 2500 Ateium
1051 2437 1193 2500 relatum

180 2530 230 2587 est
258 2545 330 2588 eum
357 2525 494 2610 fossam,
521 2547 560 2589 ex
589 2537 652 2608 qua
675 2524 716 2589 ad
738 2524 926 2588 inferiorem
948 2525 1084 2588 fundum
1107 2547 1194 2609 aqua

180 2612 358 2698 deseendit,
381 2615 559 2699 cogendum
583 2635 653 2678 esse
676 2615 817 2678 vicinum
840 2635 987 2697 purgare,
1011 2614 1079 2678 sive
1103 2619 1195 2678 extet

178 2702 288 2767 fossae
310 2706 466 2768 memoria
490 2703 555 2768 sive
577 2725 645 2768 non
668 2707 762 2768 extet.

495 2877 593 2946 Aquae
606 2878 720 2946 plautae
737 2877 878 2932 arcendae.

269 2986 298 3049 5.
317 2984 356 3049 D.
371 2986 423 3068 39,
438 2987 467 3067 3,
484 2986 577 3068 14pr.
606 2987 726 3050 Paulus
741 2987 826 3050 libro
841 2986 1090 3071 quadragesimo
1106 3008 1191 3052 nono

180 3073 221 3136 ad
240 3073 380 3138 edietum
400 3072 449 3159 (P.
461 3069 550 3197 632).
583 3074 843 3158 A[n]t[a]e<i>us
863 3077 920 3157 ait,
939 3075 966 3138 si
985 3077 1012 3138 is
1033 3077 1088 3157 qui
1108 3097 1190 3159 opus

179 3162 300 3244 feeerit,
312 3167 422 3244 postea
438 3163 518 3226 Titio
547 3163 725 3227 vendiderit
739 3163 914 3247 praedium,
933 3168 1092 3248 quatenus
1109 3165 1191 3228 desi·

180 3252 243 3314 erit
262 3251 409 3316 dominus
429 3273 509 3336 esse,
532 3251 691 3336 agendum
710 3274 783 3316 eum
802 3274 840 3317 eo
860 3253 945 3336 quod
968 3253 997 3316 vi
1017 3256 1074 3317 aut
1092 3254 1189 3336 elam;

179 3342 265 3424 quod
290 3340 318 3404 si
342 3363 445 3404 annus
468 3340 680 3424 praeterierit,
703 3340 741 3405 de
765 3342 839 3434 dolo
862 3342 1014 3406 iudicium
1039 3341 1189 3406 dandum.

270 3481 286 3536 1
311 3478 393 3539 Ftor.
416 3479 587 3555 potentiori.

1283 2241 1285 2374 t
