2614 3914
430 243 456 291 4.
484 234 603 290 AULUS
622 234 835 291 CASCELLIUS
1072 239 1137 302 313

480 396 523 451 Da
541 413 674 451 ntormorc
692 398 785 466 lepoto.

218 497 248 562 9.
281 495 319 560 D.
339 497 397 578 32,
421 497 499 580 100,
524 499 552 561 1.
606 495 779 562 Iavolenus
817 497 901 562 libro
930 498 1068 563 secundo
1099 511 1138 564 ex·

24 640 26 646 .
129 586 360 668 posterioribus
388 585 546 650 Labeonis
576 582 625 672 (P.
646 585 733 671 173).
783 585 873 650 Duae
902 591 1027 651 statuae
1054 610 1138 652 mar-

24 717 25 756 3
131 695 257 738 moreae
286 674 412 738 cuidam
440 675 645 757 nominatim,
672 674 752 739 item
780 697 875 740 omne
901 697 1044 740 marmor
1067 681 1138 741 erat

24 779 25 814 ῑ
129 763 284 847 legatum:
322 764 445 828 nullam
481 768 620 827 statuam
653 785 866 828 marmoream
898 769 1027 848 praeter
1058 765 1137 830 duae

23 937 24 966 ᾖ
129 849 306 916 Cascellius
329 855 424 936 putat
447 851 564 917 deberi.

465 998 510 1054 Dc
526 1000 688 1070 supellectili
706 1001 804 1069 lepato.

22 1149 23 1182 3
221 1100 271 1164 10.
298 1097 337 1164 D.
357 1100 414 1184 33,
435 1100 485 1178 10,
506 1101 556 1164 10.
597 1099 767 1165 Iavolenus
795 1101 877 1165 libro
900 1100 997 1166 tertio
1021 1123 1060 1166 ex
1082 1124 1139 1186 po-

22 1185 23 1240 1
131 1189 321 1254 sterioribue
343 1187 504 1254 Labeonis
528 1185 578 1274 (P.
596 1185 681 1275 191).
728 1188 790 1264 Qui
813 1195 936 1254 vestem
960 1211 1087 1254 omnem
1107 1193 1140 1254 et

22 1349 23 1352 Ἴ
128 1299 179 1342 111
199 1277 340 1362 plurium
360 1298 513 1362 generum
533 1278 742 1360 supellectilis
763 1300 901 1362 expenso
920 1279 1002 1342 ferre
1023 1277 1138 1344 solitus

130 1371 212 1450 erat,
240 1365 269 1430 11
297 1367 391 1430 uxori
420 1366 654 1450 supellectilem
682 1367 855 1450 legaverat.
915 1417 949 1432 ..
975 1369 1140 1452 negabant

21 1517 22 1526 ,
129 1459 254 1519 vestem
296 1455 404 1539 legato
448 1476 610 1519 cessuram
647 1454 757 1519 Labeo
796 1455 910 1520 Ofilius
952 1453 1139 1541 Cascellius,

130 1545 205 1628 quia
227 1565 293 1608 non
315 1548 427 1628 posset
449 1543 553 1608 videri
573 1543 673 1609 vestis
692 1545 908 1628 appellatione
928 1545 1138 1628 supellectilis

20 1679 21 1710 ,
130 1633 297 1698 contineri.

514 1700 559 1756 De
576 1705 643 1756 ceste
662 1701 758 1772 lepota.

221 1801 271 1866 11.
298 1799 339 1865 D.
358 1802 416 1886 32,
434 1801 477 1866 29
491 1824 538 1884 pr.
574 1799 683 1865 Labeo
711 1801 795 1865 libro
820 1801 958 1865 secundo
982 1801 1140 1884 posterio-

19 1957 20 1962 .
131 1912 202 1954 rum
227 1912 247 1953 a
269 1888 424 1954 Iauoleno
447 1891 699 1974 epitomatorum
718 1888 767 1976 (P.
784 1889 871 1974 111).
910 1889 1139 1966 1111011111-

129 2001 202 2044 nam
232 1978 389 2062 habebat,
417 1979 447 2042 ei
475 1983 596 2043 vestem
625 1979 742 2062 prioris
766 1978 962 2044 concubinae
985 1979 1139 2044 utendam

131 2067 274 2146 dederat,
301 2067 414 2132 deinde
437 2068 484 2132 ita
506 2069 640 2153 legavit:
669 2066 817 2152 ε11111111,
845 2089 926 2152 quae
950 2067 1017 2132 eius
1042 2090 1140 2132 causa

130 2162 241 2239 empta
268 2161 384 2239 parata
412 2156 517 2220 esset’.
563 2155 738 2222 Cascellius
763 2156 934 2222 Trebatius
961 2162 1082 2242 negant
1110 2157 1140 2221 ei

130 2244 240 2309 deberi
262 2245 380 2327 prioris
404 2245 601 2310 concubinae
625 2268 721 2312 causa
743 2250 868 2330 parata,
892 2245 1052 2330 quamvis¹
1076 2247 1140 2310 alia

130 2333 276 2400 condicio
300 2337 385 2398 esset
408 2335 441 2397 in
464 2356 572 2398 uxore.

512 2481 649 2538 Decerne
668 2483 762 2550 lepoto.

194 2566 271 2648 v12.
299 2581 338 2647 D.
362 2583 419 2665 32,
445 2582 509 2646 100
527 2604 574 2665 pr.
615 2579 787 2647 Iavolenus
818 2581 902 2645 libro
934 2581 1071 2645 secundo
1102 2603 1140 2645 ex

130 2671 364 2756 posterioribus
384 2670 543 2735 Labeonis
563 2667 612 2756 (P.
629 2668 716 2755 173).
753 2669 867 2733 ‘Heres
891 2691 980 2733 meus
1005 2669 1139 2734 damnas

131 2763 200 2824 esto
224 2759 323 2824 Lucio
347 2759 432 2824 Titio
457 2759 601 2824 Stichum
630 2781 757 2824 servum
785 2779 892 2822 meum
919 2757 1061 2822 reddere'
1089 2759 1140 2822 vel

130 2849 177 2914 ita
205 2848 313 2950 ‘illum
342 2870 468 2913 servum
496 2869 604 2912 meum
632 2848 681 2911 illi
703 2847 849 2913 reddito'.
895 2845 1071 2912 Cascellius
1094 2847 1141 2912 tit

130 2937 247 3002 doben.
425 3029 529 3104 Aquae
545 3033 667 3105 plautae
690 3033 839 3092 arcendae.
953 3041 956 3050 '

220 3140 270 3204 13.
299 3139 337 3204 D.
355 3141 411 3223 39,
430 3141 464 3224 3,
485 3143 517 3224 1,
538 3143 587 3207 17.
630 3141 790 3226 Ulpianus
813 3141 896 3206 libro
921 3142 1140 3227 quinquagen-

131 3230 213 3294 simo
242 3230 339 3294 tertio
369 3229 408 3292 ad
437 3230 575 3294 edictum
603 3227 652 3317 (P.
675 3227 784 3317 1285).
837 3279 870 3293 ..
900 3230 1063 3294 sciendum
1091 3235 1141 3293 est

131 3317 213 3383 hanc
238 3318 399 3383 actionem
421 3339 487 3382 non
512 3319 593 3383 alias
616 3321 721 3385 locum
743 3319 871 3402 habere,
895 3341 990 3403 quam
1010 3319 1038 3382 si
1057 3339 1141 3401 aqua

130 3408 241 3492 pluvia
269 3427 348 3491 agro
376 3410 505 3471 noceat:
540 3411 682 3472 ceterum
714 3407 742 3472 si
769 3407 913 3472 aedificio
942 3409 992 3471 vel
1020 3407 1140 3491 oppido

203 3543 217 3591 1
235 3537 281 3593 Fr.
293 3519 366 3606 qnia.
389 3539 541 3593 emendavit
554 3538 588 3594 A.
599 3537 727 3593 Peroicc:
741 3539 874 3593 librarius
885 3554 938 3606 pro
947 3539 1036 3608 qt(=
1047 3553 1141 3606 pom-

129 3611 182 3680 ois)
203 3609 268 3680 {epit
286 3615 322 3678 qo
339 3612 385 3676 (=
400 3611 486 3680 poio).
523 3609 558 3676 cf.
574 3627 667 3679 apopr.
685 3609 748 3665 Gai.
763 3611 801 3664 ad
819 3613 846 3678 3,
861 3614 922 3665 114.
1144 3631 1147 3640 ·
