2598 3910
431 219 455 268 7.
480 210 640 267 GRANIUS
659 210 820 267 FLACCUS
1064 211 1128 275 261

413 399 436 457 Ι.
460 398 507 456 De
530 399 610 457 iure
633 397 837 473 Papiriano.

208 522 307 600 Leges
334 522 434 600 regias
462 522 627 582 secundum
655 524 833 600 argumenta
856 540 875 579 a
897 519 986 580 Sexto
1010 521 1130 597 Papirio

117 612 283 672 collocatas
308 631 330 671 s.
354 611 402 670 ius
424 611 618 687 Papirianum
641 631 668 670 v.
690 629 781 686 supra
803 612 989 687 p.133sqq.
1014 609 1052 669 ad
1074 610 1130 670 hoo

116 720 191 780 ergo
215 701 264 760 ius
288 699 419 760 Granius
444 701 569 760 Plancus
593 699 842 759 commoniarium
865 699 993 774 scripsit.

483 870 528 924 De
545 871 604 924 rita
620 885 769 926 sarrana.

212 981 241 1044 1.
268 977 410 1044 Maorob.
431 983 490 1043 sat.
509 980 538 1060 3,
555 981 604 1061 11,
619 980 649 1043 5.
679 1015 717 1026 -—
748 979 781 1042 in
804 977 978 1062 Papiriano
1007 1029 1035 1043 ..
1063 978 1131 1042 iure

120 1067 287 1132 evidenter
323 1069 463 1132 relatum
500 1072 567 1150 θεὲ,
605 1089 679 1132 arae
716 1068 818 1132 vicem
855 1089 950 1150 posse
987 1088 1132 1131 mensam

119 1157 276 1222 dicatam:
317 1161 353 1221 ol
386 1157 421 1220 in
458 1157 580 1238 osopio,
616 1156 734 1241 inquil,
770 1157 904 1221 Iunonis
940 1155 1133 1238 Populoniae

119 1247 254 1327 opposta
272 1265 377 1310 measa
395 1250 448 1311 est.
487 1266 620 1328 nomque
636 1246 671 1309 io
682 1246 770 1326 fanis
783 1247 849 1310 olio
862 1265 1007 1310 vasorum
1020 1249 1094 1309 soal
1105 1249 1134 1309 et

119 1354 228 1400 sacrae
250 1335 472 1418 suppellectilis,
495 1335 563 1399 olio
585 1339 843 1399 ornamentorum.
889 1354 967 1416 quoe
988 1353 1133 1398 vasorum

120 1428 207 1502 sont,
239 1424 436 1488 instrumenti
462 1425 566 1488 instar
594 1421 730 1502 lobene„
747 1423 857 1505 qualos
883 1424 1038 1504 sacrificio
1063 1443 1132 1488 ooo-

119 1513 279 1595 [Μακέων.
315 1533 448 1594 qaorum
466 1532 570 1576 rerum
584 1512 757 1594 principem
776 1513 873 1576 lorum
892 1512 1003 1576 oblinet
1019 1531 1133 1594 menso,

120 1603 157 1666 in
184 1622 247 1682 quo
274 1602 380 1684 epula
408 1601 623 1682 libationesqoe
649 1604 678 1664 et
698 1602 790 1682 stipes
811 1605 1015 1684 reponuntor,
1042 1621 1133 1665 oroo-

121 1695 227 1755 monta
249 1711 317 1755 vero
340 1695 414 1755 sunl
432 1691 537 1774 clypei,
559 1709 687 1754 anonae
704 1695 733 1753 el
748 1689 872 1754 huiusce
890 1691 973 1754 modi
990 1691 1132 1754 ᾱοηαήα.

119 1799 217 1861 aeque
239 1781 322 1844 enim
344 1781 478 1844 donario
500 1780 681 1844 dedicantur
703 1799 736 1842 eo
760 1783 902 1863 tempore,
927 1799 985 1860 ooo
1007 1779 1134 1843 delubra

120 1873 304 1946 sarranium
328 1873 363 1932 ot
383 1889 453 1932 vero
475 1888 583 1934 menso
605 1869 755 1950 orerlaqoe
772 1869 872 1932 eodem
890 1867 947 1948 olio,
970 1887 1028 1949 quo
1046 1868 1134 1932 aeoles

120 1957 220 2038 ipsae,
255 1958 392 2022 dedicari
423 1957 527 2022 solent.
576 1959 657 2022 oncle
687 1977 793 2022 owaso
824 1955 878 2020 loo
904 1957 969 2019 ritu
996 1957 1134 2020 dedicato

120 2047 157 2110 in
180 2047 291 2128 templo
313 2067 389 2110 arae
410 2065 502 2112 asom
526 2051 553 2110 el
575 2047 752 2130 reliqiooem
775 2045 886 2110 oblinet
900 2045 1090 2128 pulvinaria.

212 2173 269 2244 Qui
292 2169 423 2252 ‘inquil'‚
446 2193 506 2235 non
529 2175 669 2252 Papirius
693 2179 746 2253 esi,
771 2175 823 2236 sad
847 2173 977 2234 Granius
998 2173 1133 2250 Plancus

391 2363 508 2418 ‘Paelea
526 2380 604 2418 worn
622 2379 656 2416 oe
673 2363 780 2435 toopito
800 2362 862 2418 ...'

214 2473 243 2538 2.
266 2471 439 2556 D.50,16,
457 2472 528 2538 144.
570 2472 690 2536 Paulus
713 2471 797 2535 libro
821 2471 945 2536 decimo
969 2471 1011 2536 ad
1029 2473 1134 2557 legem

20 2601 24 2610 ·
120 2560 248 2626 Juliam
267 2565 299 2625 et
312 2559 448 2645 Papiam
463 2560 512 2647 (P.
523 2559 613 2644 975).
646 2558 786 2624 Granius
801 2557 934 2624 Flaccus
948 2559 983 2623 in
997 2560 1080 2624 libro
1095 2561 1134 2625 de

122 2649 193 2714 iure
209 2649 384 2733 Papiriano
404 2650 518 2716 soribii
536 2649 683 2732 pellicem
703 2669 788 2712 nuno
806 2648 904 2732 volgo
918 2649 1035 2727 vocari,
1054 2671 1135 2733 quae

123 2759 198 2804 enm
222 2759 260 2803 eo
284 2739 336 2804 oui
358 2760 440 2804 uxor
463 2740 515 2824 sit,
539 2759 655 2822 corpus
679 2736 821 2820 misceat,
844 2737 1001 2820 quosdam
1019 2735 1139 2824 (qnon-¹

123 2823 238 2913 darni)
262 2849 341 2912 eam,
366 2850 448 2912 quae
466 2827 576 2892 uxoris
595 2828 665 2891 looo
685 2825 753 2890 sine
771 2825 894 2909 nuptiis
913 2825 947 2889 in
968 2826 1063 2892 domo
1084 2827 1135 2910 sii,

124 2937 223 3000 quam
246 2917 417 3000 παλλακὴν
440 2915 556 2981 Graeci
579 2919 705 2980 vocant.

213 3045 250 3105 of.
273 3045 358 3105 Paul.
381 3067 410 3122 p.
434 3047 508 3106 222.
531 3065 558 3106 v.
582 3045 714 3122 pellices.
743 3075 785 3086 -
813 3043 939 3104 Pollioes
967 3065 1045 3106 nuno
1070 3047 1135 3124 qui·

123 3135 192 3194 dem
216 3135 408 3211 appellantur
430 3135 535 3194 alienis
559 3133 786 3194 succumbentes
804 3153 863 3193 non
882 3134 980 3194 solum
998 3135 1136 3210 feminae,

124 3223 177 3283 sed
206 3223 298 3283 eiiam
321 3241 427 3283 mares.
473 3223 588 3299 antiqui
610 3223 730 3299 proprie
754 3241 821 3282 eam
842 3223 979 3299 pellicem
1002 3225 1135 3283 nomina-

123 3313 211 3388 bant,
244 3331 321 3390 quaa
352 3331 477 3372 uxorem
507 3313 632 3372 habenii
660 3311 801 3370 nubebat.
851 3311 887 3370 D.
911 3313 962 3386 50,
988 3313 1037 3388 16,
1063 3314 1135 3370 144.

122 3401 239 3462 Paulus
271 3401 335 3462 1.l.
374 3433 412 3444 -
451 3401 542 3461 Libro
578 3400 799 3460 memorialium
832 3399 985 3458 Masurius
1022 3400 1136 3476 scribit,

123 3491 264 3566 pellicem
294 3491 374 3566 apud
402 3491 542 3568 antiquos
570 3509 636 3549 earn
662 3487 811 3564 habitam,
843 3506 933 3564 quae,
965 3507 1033 3547 oum
1061 3507 1139 3548 uxor

123 3597 184 3638 non
208 3582 297 3654 esset,
321 3598 389 3639 oum
412 3580 514 3657 aliquo
537 3582 638 3638 tamen
660 3577 791 3638 vivebat.
