2598 3910
415 170 439 219 1.
462 164 493 218 P.
508 163 672 220 ALFENUS
690 164 810 220 VARUS
1048 165 1114 230 303

110 329 206 408 esset,
229 329 267 390 ut
287 325 382 391 heres
401 326 435 391 in
452 326 564 391 funere
583 328 692 400 autin
710 331 917 392 monumento
937 326 1117 393 ‘dumtaxat

110 413 274 480 oentum'l
302 420 518 500 consumeret,
545 437 611 481 non
634 417 712 481 licet
734 417 839 481 minus
863 437 1062 499 consumere;
1089 416 1117 480 si

110 504 251 588 amplius
274 504 383 583 vellet,
405 504 494 588 licet,
517 526 619 589 neque
642 505 684 570 ob
708 527 780 569 eam
802 527 870 570 rem
889 510 1002 569 contra
1019 508 1117 569 testa-

108 595 255 658 mentum
277 591 382 658 facere
405 593 538 658 videtur.

198 699 252 764 37.
279 698 318 764 D.
332 698 385 782 35,
401 701 428 780 1,
442 701 494 764 27.
531 699 666 764 Alfenus
685 698 792 765 Varus
815 699 899 764 libro
923 699 1036 783 quinto
1060 698 1116 764 Di-

108 791 276 872 gestorum
299 786 347 874 (P.
368 785 451 874 21¹³).
496 787 534 852 Iu
561 792 756 854 testamento
781 788 909 872 quidam
933 787 1114 872 scripserat,

46 871 47 880 ’
93 879 145 940 'ut
173 877 234 940 sibi
258 878 500 941 monumentum
525 877 564 941 ad
588 877 766 961 exemplum
790 877 872 960 cius,
899 876 983 961 quod
1005 877 1039 940 in
1062 877 1115 941 via

107 963 234 1029 Salaria
270 968 355 1029 esset
385 964 492 1029 Publii
516 963 671 1049 ’Septimii
706 965 875 1049 Demetrii,
911 965 1013 1050 fieret,
1050 965 1114 1029 nisi
1143 967 1145 972 ’
1190 959 1197 974 ’

61 1087 65 1094 ·
106 1053 231 1118 factum
254 1056 352 1138 asset,
375 1053 507 1118 heredes
530 1075 650 1139 magna
673 1055 809 1138 pecunia
831 1054 995 1118 multaret.
1041 1075 1113 1118 cum

1 1167 2 1174 ¹
105 1141 140 1206 id
164 1145 406 1207 monumentum
425 1143 534 1207 Publii
553 1141 701 1227 Septimii
719 1143 877 1208 Demetrii
898 1143 1021 1207 nullum
1045 1163 1113 1225 rep-

105 1230 306 1314 periebatur‚
333 1231 388 1296 sed
411 1231 519 1296 Publii
542 1229 689 1316 Septimii
712 1231 835 1296 Damae
858 1236 940 1313 erat,
963 1231 1004 1296 ad
1027 1232 1112 1315 quod
1224 1247 1244 1268 ·’

107 1319 291 1404 exemplum
319 1319 545 1404 suspicabatur
567 1321 640 1385 eum
662 1321 717 1405 qui
738 1325 970 1385 testamentum
993 1319 1114 1384 fecerat

107 1411 351 1472 monumentum
379 1408 441 1473 sibi
467 1402 538 1472 fieri
564 1409 717 1488 voluisse,
746 1409 943 1492 quaerebant
971 1409 1112 1491 heredes,

107 1496 287 1562 cuiusmodi
310 1501 554 1562 monumentum
577 1497 738 1562 sefacere
764 1499 929 1581 oporteret
951 1499 997 1579 ct,
1020 1497 1047 1560 si
1070 1497 1127 1584 ob
1170 1529 1175 1538 ·

107 1607 179 1650 eam
209 1607 277 1649 rem
309 1586 434 1650 nullum
466 1589 710 1652 monumentum
742 1585 906 1670 fecissent,
938 1585 1013 1668 quia
1045 1607 1112 1650 non

106 1675 322 1758 repperirent,
347 1675 388 1739 ad
411 1674 495 1759 quod
520 1674 701 1758 exemplum
723 1673 880 1758 facerent,
908 1695 984 1738 num
1007 1695 1113 1756 poena
1198 1689 1202 1700 ·

106 1765 303 1828 tenerentur.
352 1763 530 1848 respondit,
558 1764 586 1828 si
612 1763 866 1847 intellegeretur,
892 1762 977 1846 quod
1000 1784 1112 1827 monu-

107 1854 252 1916 mentum
290 1851 509 1916 demonstrarc
544 1850 701 1917 voluisset
735 1851 763 1916 is
796 1851 851 1936 qui
882 1853 1111 1915 testamentum
1151 1879 1156 1888 ·

85 1939 245 2028 fecisset,
269 1940 402 2005 tametsi
424 1940 458 2004 in
478 1941 637 2024 scriptura
655 1939 805 2004 mendum
825 1942 919 2024 esset,
942 1941 1051 2004 tamen
1071 1940 1111 2006 ad
1151 1935 1152 1938 '

105 2027 148 2112 id,
171 2029 256 2112 quod
278 2029 333 2093 ille
357 2049 391 2092 se
414 2029 632 2096 demonstrare
655 2029 762 2094 animo
787 2028 948 2111 sensisset,
970 2028 1040 2092 fieri
1060 2028 1110 2092 de·

105 2117 194 2201 bere,
227 2119 278 2182 sin
309 2122 416 2181 autem
449 2117 598 2182 voluntas
629 2119 697 2182 cius
725 2117 942 2203 ignoraretur,
973 2139 1111 2201 poenam

106 2205 236 2288 quidem
248 2205 373 2270 nullam
387 2207 453 2270 vim
467 2205 595 2290 babere,
609 2207 761 2291 quoniam
777 2206 816 2270 ad
829 2205 915 2290 quod
928 2206 1111 2291 exemplum

104 2293 176 2358 fieri
193 2293 351 2377 iussisset,
369 2294 402 2358 id
420 2316 578 2380 nusquam
598 2299 732 2380 extaret,
746 2297 988 2360 monumentum
1001 2297 1112 2360 tamen

106 2382 291 2448 omnimodo
323 2383 497 2448 secundum
529 2383 746 2448 substantiam
778 2387 810 2447 ct
840 2383 1031 2469 dignitatem
1059 2383 1111 2446 de-

105 2471 207 2537 functi
230 2475 392 2536 exstruere
415 2472 537 2536 debere.

194 2601 230 2661 cf.
255 2587 352 2661 Servii
374 2619 517 2678 responsa
540 2603 567 2660 6.
695 2605 698 2614 “

518 2839 626 2898 Liber
648 2838 696 2898 V?

420 2952 469 3020 Dc¹
481 2965 638 3020 hereditatis
651 2965 791 3034 petitione.

192 3083 244 3149 38.
272 3081 310 3147 D.
330 3081 365 3166 5,
382 3083 417 3164 4,
437 3084 466 3147 9.
508 3081 626 3148 Paulus
655 3083 738 3148 libro
768 3084 864 3148 tertio
894 3086 1112 3169 epitomarum

2 3231 3 3240 2
104 3171 210 3237 Alfeni
237 3170 447 3257 Digestorum
475 3168 523 3256 (P.
547 3171 615 3258 48).
665 3169 746 3236 Cum
779 3169 874 3236 multi
902 3172 1036 3240 heredes
1064 3166 1113 3230 in-

2 3269 3 3284 *
104 3261 211 3340 stituti
234 3263 353 3344 essent,
381 3281 419 3324 ex
441 3259 492 3324 bis
515 3281 598 3325 unus
620 3259 655 3324 in
679 3257 758 3324 Asia
781 3262 860 3324 erat.
906 3264 975 3329 cius
999 3275 1114 3346 procu·

102 3353 191 3415 rator
221 3349 441 3416 venditionem
473 3347 552 3412 fecit
578 3354 611 3414 et
638 3349 807 3433 pecuniam
834 3369 891 3431 pro
920 3354 1014 3436 parte
1043 3343 1116 3409 eius

174 3538 188 3586 1
212 3532 287 3590 Trsb.
307 3549 405 3588 aureos
424 3533 544 3588 centum.
