2600 3908
432 185 456 232 2.
483 181 518 234 M.
536 179 690 234 TULLIUS
711 178 842 234 cronno
1083 181 1145 243 129

126 367 185 425 que
211 346 328 420 Celsus,
358 348 554 424 Pomponius,
578 345 791 424 Tryphoninus
815 352 846 408 et
869 348 1016 424 Ulpianus
1040 349 1144 408 lauda·

126 439 247 511 verunt,
270 436 315 495 ita
337 442 372 496 ut
394 438 443 497 vel
466 437 497 496 iu
516 436 678 496 Iustiniani
696 437 829 512 Digestis
854 437 982 498 oratoris
1001 437 1146 496 memoria

126 530 277 585 servetur.
324 527 494 603 fragmenta
515 525 572 586 hoc
595 526 659 586 loco
684 527 827 586 collocare
851 527 948 586 visum
972 529 1025 585 est.

225 622 249 673 1.
275 614 379 674 Celsus
398 616 475 676 libro
492 615 654 674 vicensimo
670 615 774 691 quinto
789 615 983 694 Digestorum
998 607 1045 694 (P.
1058 607 1145 696 208).

126 703 161 762 D.
186 706 390 781 50,16‚96.
444 705 528 763 Litus
559 706 605 762 est
633 723 787 781 quousque
815 705 962 763 maximus
990 704 1100 763 fluctus
1128 723 1146 762 a

126 794 207 851 mari
233 793 372 868 pervenit
395 793 483 870 idque
509 793 626 852 Marcus
649 793 766 852 Tullius
789 789 932 869 <Gallum
955 787 1145 869 Aquillium>

126 878 260 957 ai[un]t,
285 901 353 940 cum
375 882 488 941 arbiter
512 885 603 954 esset,
626 882 756 957 primum
781 881 980 941 constituisse.

221 973 250 1029 2.
286 970 468 1046 Pomponius
500 971 577 1029 libro
611 971 757 1047 singulari
791 970 947 1029 enchiridii
980 962 1027 1050 (P.
1058 963 1145 1050 178).

128 1059 163 1117 D.
187 1062 215 1134 1,
236 1062 263 1131 2,
280 1061 328 1118 46.
377 1063 475 1118 exstat
499 1059 562 1118 eius
586 1051 765 1140 (Ciceronis)
791 1060 886 1120 oratio
910 1060 984 1119 satis
1007 1059 1143 1134 pulcher-

126 1149 219 1218 rima,
245 1167 322 1224 quac
345 1149 521 1207 inscribitur
544 1167 598 1223 pro
622 1148 732 1218 Quinto
756 1149 886 1226 Ligario.

222 1238 249 1296 3.
280 1237 490 1313 Tryphoninus
514 1237 590 1295 libro
614 1237 727 1296 decimo
746 1237 994 1314 Disputationum
1015 1233 1062 1316 (P.
1077 1229 1144 1318 40).

126 1325 164 1383 D.
187 1327 240 1402 48,
263 1329 312 1402 19,
332 1329 382 1388 39.
429 1326 532 1386 Cicero
560 1327 591 1384 in
620 1325 753 1385 oratione
781 1345 835 1402 pro
865 1326 1003 1385 Cluentio
1032 1325 1144 1384 Habito

127 1393 250 1489 scripsit
272 1415 419 1474 Milesiam
445 1417 594 1490 quandam
618 1414 787 1491 mulierem,
815 1433 883 1473 cum
906 1419 986 1474 esset
1008 1415 1040 1472 in
1061 1414 1144 1491 Asia,

128 1504 210 1578 quod
239 1503 276 1562 ab
302 1505 462 1564 heredibus
487 1503 623 1562 secundis
647 1509 770 1579 accepta
792 1502 920 1578 pecunia
943 1508 1063 1578 partum
1088 1503 1144 1561 sibi

129 1591 356 1651 medicamentis
379 1593 446 1670 ipsa
470 1593 627 1670 abegisset,
650 1591 695 1650 rei
718 1592 856 1668 capitalis
880 1610 943 1652 esse
964 1593 1144 1650 damnatam.

219 1684 249 1741 4.
279 1681 425 1757 Ulpianus
451 1682 529 1740 libro
558 1681 826 1758 quinquagensimo
849 1699 927 1739 nono
951 1682 989 1738 ad
1013 1679 1143 1739 edictum

128 1764 175 1850 (P.
189 1762 298 1850 1390).
331 1771 365 1829 D.
377 1773 428 1846 42,
440 1773 469 1847 4,
482 1774 510 1845 7,
521 1773 550 1828 4.
582 1769 659 1839 Quid
674 1769 714 1828 sit
728 1773 828 1828 autem
844 1769 966 1827 latitare
980 1769 1143 1828 videamus

128 1859 252 1917 latitare
272 1862 318 1918 cst
336 1878 404 1933 non,
423 1865 458 1918 ut
473 1858 575 1918 Cicero
595 1859 708 1932 definit,
727 1859 825 1934 turpis
844 1858 1005 1916 occultatio
1021 1858 1067 1916 sui

219 1947 329 2006 Utrum
366 1968 442 2023 quae
475 1948 623 2024 Ulpianus
659 1947 767 2020 tradit,
805 1948 837 2006 in
875 1947 1029 2022 deperdito
1067 1946 1144 2006 libro

105 2038 276 2112 ¹scriptum
300 2056 338 2094 an
361 2038 392 2095 in
415 2038 517 2112 aliqua
540 2037 673 2096 oratione
697 2037 810 2096 dictum
835 2037 887 2110 sit,
911 2035 1067 2095 nescimus.

220 2213 346 2290 Scripsit
369 2213 436 2272 inde
457 2233 492 2273 ex
512 2233 588 2274 anno
610 2216 734 2294 700154
755 2215 790 2273 de
809 2213 989 2291 republica,
1013 2233 1048 2272 ex
1067 2233 1144 2273 anno

128 2305 256 2382 russea
286 2303 322 2361 de
350 2303 469 2381 legibus
497 2303 602 2380 libros,
632 2307 701 2378 post
729 2323 754 2362 a.
781 2297 905 2363 703151
935 2302 973 2388 rie
1001 2303 1144 2381 anguriiS,

130 2389 257 2470 710144
278 2393 389 2468 Topica
412 2395 443 2451 et
465 2393 578 2451 incerto
602 2397 736 2469 tempore
758 2393 794 2450 de
812 2393 878 2451 iure
898 2392 980 2451 civili
998 2393 1029 2451 in
1048 2399 1144 2450 artem

127 2481 294 2560 redigendo
317 2483 437 2540 librum.

219 2569 379 2629 Librorum
399 2588 458 2646 sex,
478 2589 552 2646 quos
572 2569 607 2628 de
626 2569 780 2644 republica
794 2568 971 2644 composuit,
989 2568 1038 2628 vix
1052 2569 1144 2626 tertia

128 2677 199 2734 pars
222 2659 308 2718 nobis
333 2662 452 2718 servata
474 2661 528 2717 est.
574 2659 644 2716 libri
667 2677 763 2732 neque
787 2658 823 2715 de
846 2657 964 2733 legibus
988 2674 1083 2732 neque
1108 2656 1143 2713 de

127 2749 195 2806 iure
223 2748 306 2808 civili
334 2748 364 2805 in
392 2752 488 2806 artem
516 2747 677 2824 redigendo
706 2749 743 2805 ab
771 2746 836 2822 ipso
865 2748 987 2803 auctore
1011 2745 1143 2803 absoluti

127 2843 209 2897 sunt.
247 2837 393 2896 librorum
416 2837 468 2912 qui
491 2837 619 2895 fortasse
644 2854 696 2894 sex
720 2840 805 2893 erant
828 2834 864 2893 de
887 2835 1005 2912 legibus
1028 2833 1144 2909 primus

126 2930 176 2984 est
205 2926 241 2983 de
270 2926 335 2984 iure
357 2928 498 3000 naturae,
529 2926 676 2986 secundus
699 2923 735 2982 de
759 2923 876 3002 legibus
899 2922 1029 2982 ferendis
1053 2926 1084 2982 et
1107 2924 1143 2982 de

127 3017 194 3073 iure
224 3033 321 3085 sacro,
349 3015 457 3073 tertius
486 3015 521 3073 de
545 3013 785 3094 magistratibus,
815 3015 939 3090 quartus
964 3013 1000 3071 dc
1024 3011 1143 3071 iudiciis

128 3103 313 3178 disputabat.
369 3103 447 3180 quod
480 3104 518 3162 ad
550 3104 661 3162 librum
695 3102 732 3162 de
762 3103 828 3160 iure
862 3102 943 3162 civili
979 3102 1011 3160 in
1047 3105 1144 3160 artem

128 3191 303 3270 redigendo,
323 3191 425 3252 (licere
440 3193 471 3250 id
486 3192 542 3251 sibi
556 3193 721 3269 proposuit,
740 3190 820 3269 quod
834 3190 941 3250 Crasso
955 3190 1143 3266 propositum

130 3281 223 3339 fuisse
252 3281 287 3340 de
316 3285 390 3346 orat.
412 3283 518 3356 2,142
543 3284 659 3340 narrat:
691 3274 733 3340 ‘se
757 3282 805 3338 ius
829 3280 929 3352 civile,
959 3279 1037 3354 quod
1065 3297 1144 3336 nuno

131 3369 273 3428 diffusum
303 3373 333 3429 st
361 3370 538 3446 dissipatum
568 3374 627 3446 est,
654 3371 685 3428 in
714 3373 795 3428 certa
818 3385 929 3446 genera
970 3369 1144 3425 coacturum

130 3461 161 3516 et
189 3459 226 3516 ad
260 3462 356 3519 artem
383 3460 502 3518 facilem
529 3452 747 3518 redacturum’.
797 3457 833 3515 cf.
863 3453 1143 3516 Teuffel-Schwabe

132 3544 173 3621 ἐξ
196 3549 273 3620 184,
291 3551 318 3607 1.
335 3550 362 3624 2,
389 3551 449 3608 185
475 3553 505 3606 et
529 3567 619 3624 supra
643 3569 671 3624 p.
686 3548 738 3606 47.

186 3656 281 3703 Inrlspr.
297 3657 475 3697 enarrantem
492 3659 526 3697 ed.
540 3658 639 3698 Bremer.
914 3649 929 3695 9
