2614 3914
475 205 499 255 2.
523 199 640 254 AULUS
659 198 800 254 OPILIUS
1077 199 1143 264 335

512 402 536 462 1.
567 403 761 478 Responsa.

25 562 29 570 ·
113 585 117 594 .
221 537 289 597 Non
316 537 379 612 ipse
403 534 509 596 Ofilius
537 555 680 610 responsa
703 537 836 614 collegit,
867 537 942 614 qua'e
966 556 1025 597 non
1048 557 1145 614 pauca

132 627 306 686 referuntur
333 644 351 684 a
378 625 530 701 Labeone,
558 625 713 703 Iavoleno,
741 622 849 702 Panlo,
877 626 1019 704 Ulpiano,
1047 646 1144 702 neque

131 715 243 791 ubique
268 714 415 774 aectoris
439 714 504 773 eius
529 714 686 772 sententiis
710 717 792 774 certo
815 716 927 774 secerni
950 720 1084 790 possunt.

511 927 558 985 De
580 929 761 986 testamentis.

225 1049 253 1111 1.
275 1045 320 1110 0D.
335 1046 387 1126 28,
406 1047 440 1124 6,
457 1046 498 1111 39
509 1067 557 1130 pr.
592 1045 764 1110 Iavolenus
788 1045 870 1110 libro
894 1047 999 1128 primo
1023 1068 1062 1110 ex
1084 1069 1143 1131 po-

133 1135 314 1200 steroribus
340 1134 497 1199 Labeonis
522 1131 571 1220 (P.
589 1130 676 1220 164).
712 1132 793 1200 (lum
818 1155 857 1198 ex
879 1135 946 1200 filio
970 1135 1042 1220 quis
1062 1135 1142 1201 duos

131 1227 269 1309 nepotes
302 1223 483 1307 impuberes
516 1223 672 1307 habehat,
705 1223 761 1288 sed
793 1223 931 1287 alterum
964 1245 1076 1289 eorum
1108 1226 1142 1289 in

132 1317 305 1398 potestate,
329 1313 466 1376 alterum
488 1333 568 1395 non,
597 1315 630 1376 et
654 1310 752 1376 vellet
775 1315 945 1396 utrumque
969 1314 1142 1396 exsequis

131 1403 280 1486 partibus
308 1401 459 1466 heredem
486 1400 606 1465 habere
634 1404 680 1484 et,
708 1401 735 1464 si
761 1401 834 1486 quis
858 1423 896 1465 ex
918 1401 970 1465 his
993 1403 1142 1487 impubes

133 1491 336 1569 decessisset,
369 1491 409 1554 ad
442 1491 579 1554 alterum
611 1492 737 1572 partem
775 1490 843 1554 eius
880 1490 1067 1556 transferre:
1104 1513 1143 1556 ex

132 1579 270 1645 consilio
297 1579 457 1644 Labeonis
486 1577 573 1642 Ofilii
601 1575 750 1642 Cascellii
777 1577 920 1643 Trebatii
949 1601 1020 1644 eum
1047 1602 1143 1664 quem

131 1670 167 1733 in
199 1671 361 1752 potestate
387 1667 531 1732 habebat
564 1667 667 1750 solum
694 1666 842 1732 heredem
870 1667 947 1732 fecit
975 1672 1008 1732 et
1036 1671 1076 1732 ab
1105 1691 1142 1735 eo

133 1757 228 1822 alteri
265 1755 430 1820 dimidiam
467 1759 594 1840 partem
630 1756 836 1842 hereditatis,
873 1778 946 1821 cum
982 1759 1019 1822 in'
1051 1779 1143 1822 suam

133 1846 269 1910 tutelam
293 1846 443 1929 venisset,
465 1845 602 1930 legarit:
626 1845 711 1928 quod
735 1845 823 1929 siis,
847 1845 958 1929 quiin
981 1849 1143 1930 potestate

134 1957 194 1999 sua
223 1939 320 2018 esset,
348 1935 495 2018 impubes
527 1934 728 2012 decessisset,
761 1935 898 1998 alterum
930 1934 1081 1999 heredem
1113 1936 1143 1999 ei

133 2023 310 2088 substituit.

224 2131 253 2206 2.
278 2129 315 2196 D.
331 2129 383 2213 28,
398 2129 427 2208 6,
443 2129 494 2213 39,
510 2130 538 2193 1.
554 2131 583 2194 2.
612 2128 781 2194 lavolenus
805 2129 889 2194 libro
909 2130 1013 2214 primo
1033 2153 1071 2194 ex
1089 2153 1144 2215 po-

135 2219 325 2283 sterioribus
344 2218 505 2284 Labeonis
525 2214 575 2303 (P.
592 2218 678 2302 164).
716 2218 854 2294 Quidam
877 2222 1030 2303 quattuor
1052 2219 1143 2284 here·

65 2365 68 2372 .
135 2308 191 2372 des
219 2307 340 2372 fecerat
368 2311 400 2372 et
428 2307 579 2372 omuibus
602 2307 773 2372 heredibus
797 2313 925 2392 praeter
947 2331 1046 2372 unum
1070 2309 1143 2373 sub·

136 2398 301 2461 stituerat:
320 2419 403 2460 unus
423 2397 488 2478 ille,
506 2394 557 2460 cui
575 2417 642 2460 non
661 2399 731 2460 erat
750 2398 919 2480 quisquam
940 2398 1144 2480 substitutus,

135 2489 168 2550 et
202 2508 240 2550 ex
275 2486 389 2550 ceteris
421 2486 503 2549 alter
532 2487 606 2549 vivo
637 2489 731 2568 patre
760 2485 901 2549 familias
933 2486 1143 2550 decesserant.

133 2579 274 2658 partem,
307 2574 358 2638 cui
389 2595 484 2638 nemo
518 2578 588 2638 erat
619 2573 827 2656 substitutus,
858 2574 897 2638 ad
931 2574 1143 2638 substitutum

134 2685 261 2748 quoque
284 2663 445 2746 pertinere
469 2661 582 2726 Ofilius
607 2659 784 2728 Cascellius
808 2661 1050 2745 responderunt.

223 2771 252 2835 3.
282 2768 393 2834 Cicero
417 2767 570 2833 Trebatio
591 2791 615 2832 s.
634 2767 662 2832 d.
683 2764 725 2856 (a.
746 2765 888 2855 710s44).
925 2767 995 2832 Silii
1015 2791 1143 2834 causam

133 2863 166 2923 te
186 2859 281 2923 docui
302 2907 355 2922 ...
377 2879 497 2942 negare
516 2859 624 2922 aiebat
643 2856 789 2922 Servium
807 2857 935 2922 tabulas
954 2859 1144 2923 testamenti
1235 2861 1237 2866 ⁸

134 2970 205 3013 esse
229 2969 292 3025 eas,
316 2968 395 3032 quas
414 2947 611 3012 instituisset
634 2947 662 3011 is
686 2947 742 3030 qui
764 2946 939 3012 factionem
956 2949 1143 3012 testamenti

132 3059 199 3102 non
212 3037 377 3122 habuerit,
391 3038 454 3101 hoc
467 3037 552 3100 idem
563 3034 695 3100 Ofilium
709 3035 812 3101 dicere
828 3085 871 3100 ...
887 3035 942 3122 (ad
952 3037 1026 3101 fam.
1039 3036 1141 3122 7,21.)

549 3255 596 3314 Dc
618 3257 725 3329 tepetis.

222 3388 340 3465 Legata
368 3389 454 3447 uxori
481 3389 588 3448 relicta
614 3389 742 3463 primum
775 3389 874 3447 locum
902 3388 1050 3447 obtinent:
1083 3407 1143 3448 non

134 3478 232 3538 solum
263 3477 387 3553 partitio
420 3477 521 3554 legata
552 3477 604 3551 (D.
630 3479 685 3554 32,
710 3479 763 3552 29,
790 3469 827 3556 1)
861 3479 891 3535 et
924 3477 976 3536 dos
1008 3477 1143 3555 relegata

134 3560 184 3646 (D.
205 3569 256 3645 33,
276 3568 305 3644 4,
326 3567 354 3642 6,
376 3559 409 3647 1)
434 3567 619 3644 nominatur,
645 3565 697 3625 sed
719 3567 810 3624 etiam
832 3566 936 3626 vinum
959 3565 1056 3625 oleum
1081 3567 1095 3625 f
1131 3600 1142 3610 .
1251 3578 1264 3583 -
1288 3567 1291 3584 ·
