2600 3908
399 205 441 257 14.
466 201 494 255 5.
509 199 702 266 5511111155
722 199 861 256 cunnus
1074 201 1137 264 119

212 365 256 428 3⁸.
289 361 352 428 (lie.
372 367 438 446 top.
459 365 492 444 7,
512 364 564 430 32.
585 399 623 410 -
644 361 778 428 Solebat
805 362 981 448 Aquillius,
1009 363 1136 448 collega

121 456 156 517 et
182 451 355 516 familiaris
383 474 487 536 meus,
515 473 588 518 cum
616 453 654 516 de
683 452 831 518 litoribus
860 456 1021 537 ageretur,
1054 474 1136 535 quae

120 542 233 607 omnia
260 540 390 624 publica
419 562 488 605 esse
516 541 627 624 vultis,
656 541 883 624 quaerentibus
906 541 961 625 iis,
990 541 1030 606 ad
1054 562 1135 624 quos

119 631 153 696 id
173 629 369 715 pertinebat,
388 630 465 714 quid
483 633 569 694 esset
586 629 674 714 litus,
694 629 743 695 ita
761 629 909 694 definire:
933 651 998 714 qua
1016 629 1135 695 fluctus

119 719 274 784 eluderet.

210 805 255 874 31).
288 807 422 884 Quintil.
449 807 543 872 instit
565 806 845 892 5151.5,14,34.
866 843 907 852 -
929 804 1010 872 Oum
1034 808 1134 873 etiam

119 896 357 981 iurisconsulti,
390 917 527 981 quorum
560 917 704 960 summus
737 897 822 961 circa
854 896 1028 961 verborum
1059 919 1133 981 pro·

118 989 294 1072 prietatem
323 985 418 1050 labor
448 988 510 1068 est,
541 985 618 1049 litua
649 1006 718 1050 esse
749 985 891 1050 audeant
920 985 1038 1070 dicere,
1070 1008 1134 1071 qua

119 1076 237 1152 fluctus
262 1073 371 1138 eludit.

210 1164 254 1228 3⁰.
280 1161 355 1247 Dig.
370 1163 423 1245 50,
438 1163 489 1244 16,
503 1163 556 1228 96.
589 1159 703 1227 Celsus
721 1162 806 1228 libro
825 1163 1003 1228 vicensimo
1018 1165 1133 1248 quinto

118 1252 330 1338 Digestorum
358 1249 407 1337 (P.
426 1247 516 1338 208).
566 1250 659 1316 Litus
688 1255 750 1334 est,
778 1273 944 1336 quousque
972 1252 1133 1317 maximus

117 1342 236 1406 fluctus
260 1363 279 1405 a
301 1341 383 1404 mari
406 1340 565 1424 pervenit,
590 1339 685 1424 idque
708 1339 853 1405 Marcum
876 1340 1017 1406 Tullium
1041 1341 1134 1406 aiunt

119 1452 194 1496 oum
219 1429 343 1494 arbiter
366 1433 465 1514 esset,
487 1429 627 1512 primum
651 1429 868 1496 constituisse.

190 1523 318 1583 'Errare
345 1523 403 1583 hoc
430 1523 496 1583 loco
518 1522 637 1581 Marcus
661 1522 778 1582 Tullius
805 1542 860 1598 pro
884 1522 971 1583 Gallo
995 1521 1132 1600 Aquillio

117 1613 236 1688 positus
264 1615 317 1672 cst.
364 1610 485 1670 Celsum
512 1611 557 1670 ita
582 1611 646 1670 fera
677 1611 830 1687 scripsisse
855 1631 924 1670 cum
946 1612 1131 1672 Mommseno
1200 1615 1202 1619 ’

117 1701 230 1762 iudico:
260 1694 371 1780 ‘idque
393 1695 522 1760 Marcus
550 1693 676 1760 Tullius
705 1693 834 1759 Gallum
862 1695 1042 1779 Aquillium
1076 1697 1133 1779 ait,

119 1807 191 1850 cum
216 1785 338 1849 arbiter
361 1783 457 1848 esset’
482 1788 514 1848 et
537 1806 566 1869 q.
587 1806 611 1848 s.

208 1873 238 1938 4.
271 1872 310 1939 D.
334 1874 390 1957 28,
409 1872 443 1950 5,
463 1872 515 1938 75.
561 1872 728 1937 Licinnius
751 1871 856 1937 Rufus
879 1872 964 1936 libro
989 1873 1130 1938 secundo

10 1967 12 1972 '
118 1962 317 2047 Regularum
340 1959 389 2046 (P.
404 1959 448 2048 5).
487 1960 522 2027 si
545 1962 591 2026 ita
615 1962 686 2046 quis
710 1961 803 2026 hares
826 1961 995 2026 institutus
1018 1961 1131 2026 fuerit:

118 2051 264 2136 ‘excepto
284 2050 393 2132 fundo,
416 2054 549 2134 excepto
568 2072 628 2116 usu
647 2050 753 2116 fructu
772 2050 866 2115 heres
886 2049 978 2135 esto',
996 2051 1130 2135 perinde

118 2141 180 2205 crit
211 2141 281 2204 iura
315 2139 403 2205 civili
431 2143 527 2223 atque
555 2141 583 2203 si
614 2140 683 2204 sine
711 2161 749 2204 ea
776 2161 810 2204 re
838 2139 931 2204 heres
958 2140 1130 2205 institutus

117 2235 217 2310 essct,
240 2229 336 2312 idque
360 2228 554 2294 auctoritate
578 2227 665 2293 Galli
688 2228 825 2313 Aquillii
847 2227 969 2293 factum
993 2234 1052 2294 est.

207 2317 237 2382 5.
269 2316 308 2383 D.
332 2317 482 2398 30,127.
533 2316 653 2382 Paulus
686 2317 770 2383 libro
804 2318 963 2401 singulari
995 2318 1034 2382 de
1061 2317 1131 2382 iure

116 2407 336 2472 codicillorum
347 2402 395 2494 (P.
405 2403 493 2492 896).
516 2403 546 2470 Α
559 2406 670 2470 fratris
685 2411 836 2489 postumo
845 2405 1130 2471 fideicommissum

117 2497 186 2560 dari
223 2499 345 2578 potest:
382 2495 452 2560 sola
488 2496 573 2559 enim
610 2495 761 2559 voluntas
794 2498 941 2559 servatur
976 2496 1010 2559 in
1043 2495 1131 2560 fidei-

116 2585 311 2668 commissis,
334 2587 368 2648 et
390 2585 532 2668 optinuit
551 2581 640 2647 Galli
663 2584 835 2663 sententia,
859 2583 982 2647 alienos
1001 2605 1130 2667 quoque

116 2678 286 2758 postumos
310 2673 475 2755 legitimos
499 2672 593 2737 uobis
617 2670 751 2736 heredes
774 2671 854 2736 fieri.

207 2762 236 2827 6.
260 2760 298 2826 D.
313 2763 365 2846 32,
380 2761 421 2826 29
441 2763 460 2841 5
477 2763 505 2826 1.
532 2759 641 2826 Labeo
656 2760 741 2824 libro
756 2758 895 2825 seeundo
910 2757 1129 2841 posteriorum

116 2874 135 2917 a
158 2850 312 2916 lavoleno
336 2849 586 2933 epitomatorum
610 2846 660 2932 (P.
677 2846 763 2936 171).
809 2845 890 2913 Dum
913 2848 962 2912 ita
984 2849 1129 2933 legatum

116 2944 216 3022 55551,
248 2943 285 3003 11
312 2938 401 3003 Τ1115
430 2960 512 3004 uxor
539 2959 611 3003 mea
637 2939 828 3003 tentandam
855 2942 982 3021 partem
1010 2937 1130 3003 habeat

116 3024 1129 3192 1111111111111111511911111111

116 3229 205 3272 mam
241 3208 368 3290 partem
397 3167 539 3288 legatam
572 3227 655 3289 esse,
694 3206 770 3289 quia
800 3138 988 3270 iupmaiore
1021 3207 1130 3269 minor

117 3315 246 3382 quoque
269 3294 402 3378 inesset,
426 3293 554 3360 Servius
578 3293 692 3359 Ofilius
717 3294 882 3358 minimam

208 3385 235 3447 7.
265 3382 302 3447 D.
323 3383 375 3462 30,
390 3383 433 3447 30
443 3405 489 3464 pr.
511 3385 575 3464 §l
616 3381 775 3466 Ulpianus
793 3383 877 3446 libro
897 3381 1128 3447 nonodecimo

117 3474 158 3538 ad
178 3471 335 3538 Sabinum
355 3469 403 3557 (P.
418 3469 529 3557 2597).
566 3471 654 3536 Talis
673 3471 846 3554 scriptura:
866 3469 958 3553 ‘quas
976 3471 1128 3554 pecunias

116 3562 234 3647 legavi,
258 3560 373 3644 quibus
398 3561 465 3624 dies
489 3561 655 3643 adpositus
678 3581 743 3623 non
766 3562 824 3643 est,
848 3580 902 3622 eas
925 3559 1017 3622 heres
1037 3580 1128 3623 meus
1226 3647 1259 3653 „.
