2614 3914
443 181 467 232 s.
491 175 520 231 c.
535 174 738 231 censarius
757 175 874 230 cussa
1098 175 1164 266 395

241 343 349 420 Legati
376 343 467 404 verba
494 344 675 404 aIavoleno
703 347 735 404 et
757 362 775 402 a
797 343 961 418 Pomponio
985 344 1080 403 allata
1102 345 1163 404 fere

149 434 256 494 eadem
284 451 348 492 esse
375 451 463 492 neme
491 451 551 491 uon
577 433 668 493 videt.
715 450 791 510 quae
818 451 888 492 vere
916 434 1043 509 uterque
1069 432 1163 509 addit,

148 524 195 582 ita
214 523 332 582 diversa
350 525 429 599 sunt,
452 525 488 581 ut
506 521 638 580 dubitari
658 522 756 599 liceat,
779 539 852 579 uum
871 520 976 580 eadem
993 539 1041 580 res
1060 521 1108 592 sit,
1127 522 1163 581 de

149 631 211 689 qua
238 614 366 686 utreque
394 610 461 670 loce
489 609 663 669 Trebatium
692 609 800 669 dixisse
829 608 969 669 traditur.
1020 616 1052 668 at
1078 609 1163 670 Pom-

112 709 117 718 '
148 700 234 776 ponii
262 700 366 774 verba,
395 717 472 776 quae
499 719 518 757 a
545 699 725 758 Tribcnianc
754 717 842 774 saepe
867 700 986 758 mutata
1015 717 1079 757 esse
1102 699 1163 758 iam

148 789 232 866 apud
250 789 382 847 Mucium
401 787 531 848 vidimus
551 780 601 868 (cl.
616 807 644 863 p.
661 780 726 868 66),
749 788 806 847 hcc
825 806 943 864 quoque
961 787 1027 846 lccc
1046 790 1164 846 mutata

150 881 230 937 sunt.
277 876 386 936 adiecit
414 876 614 936 Tribcnianus
640 895 701 936 nou
728 877 816 936 modo
839 877 943 936 verba:
972 869 1010 934 ‘si
1036 894 1071 934 ea
1094 877 1162 935 lati-

147 971 219 1026 tans
251 968 412 1041 patronum
440 965 476 1024 de
506 965 603 1024 medio
632 965 781 1041 discessit,
813 967 849 1023 ut
875 967 977 1024 tamen
1004 965 1163 1024 consilium
1196 961 1197 966 ’

123 1045 294 1114 'recineret
320 1053 450 1112 habendi
478 1072 580 1113 secum
605 1047 737 1132 liberos',
766 1053 819 1113 sed
846 1053 938 1113 etiam
966 1047 1089 1112 haec:
1092 1054 1164 1129 quia

147 1164 210 1204 nou
234 1161 320 1202 omne
343 1145 530 1202 momentum
554 1142 732 1220 exigendum
756 1143 809 1219 sit,
835 1145 872 1202 ut
895 1161 963 1201 cum
985 1142 1089 1202 liberis
1113 1143 1162 1221 sit,

146 1226 229 1292 sed'.
223 1232 340 1308 quod
372 1232 490 1307 plenius
518 1231 722 1291 demonstrare
751 1249 826 1307 epus
853 1251 913 1291 nou
940 1249 1004 1291 esse
1033 1231 1162 1291 videtur
1201 1283 1204 1290 .

148 1321 181 1381 id
203 1295 324 1380 tautum
346 1339 460 1397 mcccc,
484 1321 515 1379 in
539 1319 573 1390 Q
592 1320 685 1379 Mucii
707 1339 825 1397 quoque
848 1321 1059 1398 fragment,'0
1051 1339 1161 1396 mque

147 1411 253 1488 agitur
285 1409 321 1468 de
348 1409 443 1485 patris
471 1409 638 1468 familias
629 1427 716 1468 iussu
744 1402 815 1466 filii
841 1408 979 1485 filiaeque
1007 1428 1091 1468 meae
1119 1409 1162 1469 ibi

148 1501 255 1572 sunta,
281 1498 335 1556 ubi
363 1516 413 1558 ecs
439 1501 536 1557 mater
559 1517 614 1556 sua
637 1515 700 1556 esse
723 1491 831 1573 velet',
859 1497 1074 1557 Tribcniauum
1097 1517 1162 1558 cra·

144 1588 262 1647 tionem
284 1605 406 1662 prorsus
429 1589 571 1646 mutasse.
617 1587 655 1646 cf.
674 1604 766 1660 supra
787 1606 815 1661 p
836 1587 877 1646 86
890 1604 932 1662 sq.

240 1676 414 1735 Tribcniaui
442 1675 629 1735 emblematis
657 1675 794 1734 eiectis
786 1694 847 1733 ram
872 1674 909 1732 de
932 1673 1049 1734 duabus
1072 1675 1162 1735 rebus

146 1765 265 1824 dictum
287 1783 351 1824 esse
374 1764 474 1841 palam
498 1767 556 1823 est:
579 1765 634 1822 aut
656 1756 748 1822 ‘filins
772 1766 908 1822 amatre
931 1757 1090 1838 migravit'⁴
1109 1768 1162 1824 aut

149 1849 259 1912 ‘mater
280 1853 377 1912 filium
398 1872 416 1912 a
434 1871 466 1912 se
485 1845 618 1912 dimisit'.
656 1853 736 1929 qued
754 1852 793 1911 ad
811 1851 895 1926 prius
914 1851 1031 1926 attinet,
1056 1852 1162 1912 distin-

144 1943 292 2020 guebant,
310 1945 415 2002 utrum
432 1941 513 2001 lilius
532 1960 625 2018 aeque
645 1943 735 2018 atque
753 1943 851 1999 mater
869 1938 989 2015 Capuae
1008 1940 1161 2000 habitaret

147 2048 255 2091 necne:
292 2025 334 2090 ‘si
370 2030 457 2090 ambe
496 2028 615 2107 Capuae
657 2029 857 2106 habitassent,
899 2027 1034 2105 legatum
1071 2030 1161 2089 matri

143 2119 255 2178 debitu
277 2115 325 2178 iri’
349 2119 508 2180 Iavolenus
530 2119 669 2196 putavit,
693 2112 840 2194 ‘quamvis
863 2136 924 2176 una
945 2137 1006 2176 neu
1028 2117 1160 2178 habitas-

148 2203 237 2268 sent'.
284 2209 310 2267 si
337 2211 433 2267 mater
460 2207 556 2267 filium
582 2227 602 2266 a
629 2225 659 2266 se
688 2207 813 2283 dimisit,
842 2207 869 2265 ei
896 2225 932 2265 ex
954 2206 1048 2284 legati
1071 2225 1162 2267 causa

147 2297 226 2356 nihil
258 2297 359 2356 deberi
389 2315 490 2356 omnes
521 2296 753 2356 consentiebant.
807 2295 886 2372 quod
916 2295 954 2354 ad
985 2296 1162 2364 Trebatium
1270 2355 1271 2360 ,

143 2385 268 2462 attinet,
291 2386 351 2444 duc
369 2385 490 2444 videtur
508 2384 708 2462 constituisse,
730 2385 869 2460 primum,
889 2384 961 2460 quid
979 2384 1054 2443 iuris
1074 2389 1160 2462 esset,

144 2475 175 2534 si
197 2479 304 2548 mater,
330 2473 433 2549 (lapus
455 2473 606 2548 derelicta,
629 2492 697 2532 cum
720 2471 782 2531 filio
805 2473 837 2530 iu
860 2471 944 2530 aliud
963 2473 1161 2548 municipium

146 2563 321 2640 transisset,
349 2594 392 2603 -
420 2557 526 2622 ‘nnius
558 2561 628 2620 anni
660 2560 869 2620 tautummodo
902 2560 1030 2618 ducenta
1057 2561 1162 2620 debitu

146 2651 200 2729 iri,
228 2671 287 2728 quo
315 2671 377 2710 una
399 2645 562 2728 (Capuae)
586 2649 773 2708 habitassent
797 2649 984 2724 quantolibet
1006 2643 1160 2728 tempore',

145 2771 193 2782 ——
217 2740 323 2800 deiude
346 2740 419 2816 quid
440 2740 516 2798 iuris
540 2741 631 2816 esset,
655 2737 682 2797 si
703 2737 785 2798 filius
808 2757 827 2796 a
848 2739 945 2796 matre
969 2735 1161 2816 discessisset,
1274 2749 1277 2754 “

143 2847 217 2888 cum
237 2829 304 2904 ipsa
323 2847 388 2888 eam
405 2831 536 2888 mentem
553 2826 717 2902 habuisset,
738 2845 776 2893 ue
795 2827 891 2885 lilium
909 2844 928 2884 a
946 2827 1042 2886 semet
1060 2827 1160 2888 dimit·

146 2921 239 2978 teret:
265 2949 303 2958 —
329 2917 431 2976 deberi
455 2918 483 2976 ei
505 2919 640 2994 legatum
663 2915 822 2975 Trebatius
845 2915 974 2992 putavit.

238 3005 320 3076 Quae
344 3006 545 3066 Tribcnianus
568 3005 722 3081 deleverit,
744 3005 901 3064 nescimus.
942 3004 1057 3064 addidit
1080 3011 1160 3065 certe

145 3096 227 3155 huuc
262 3114 377 3154 casum:
414 3095 440 3153 si
475 3095 585 3154 liberta
621 3087 762 3152 ‘latita-us
798 3096 958 3168 patronum
994 3092 1030 3151 de
1062 3095 1160 3154 medic

145 3177 301 3244 discessit'
325 3183 428 3242 liberis
452 3183 615 3256 derelictis,
638 3176 689 3240 ‘ut
676 3185 813 3240 ttamen
836 3181 994 3240 consilium
1016 3182 1161 3242 retineret

147 3272 279 3332 habendi
298 3290 400 3331 seeum
417 3265 553 3331 liberos':
576 3229 645 3330 hdie
664 3289 781 3346 queque
800 3270 886 3328 uxori
904 3271 1040 3346 legatum
1058 3270 1161 3330 deberi

147 3354 310 3440 saaattuit,
317 3361 388 3438 qnia
418 3379 478 3420 non
505 3379 591 3420 cmue
619 3362 804 3419 momentum
832 3358 1092 3435 exigendum,
1040 3357 1079 3418 sit
1123 3363 1160 3467 ut
1207 3367 1210 3374 '

35 3513 39 3518 ,
145 3467 216 3510 cum
238 3407 340 3509 liberis
364 3443 424 3510 sit’
