2598 3910
170 179 235 243 282
264 178 335 233 VHl.
351 177 484 233 OCTAVI
499 178 597 234 SADO.
607 177 703 234 lusis
719 141 891 233 OOIISULT.
903 177 1027 233 sanias
1043 177 1182 232 TERTIA

169 348 242 408 LIII
270 347 304 406 D.
324 349 378 426 39,
400 349 432 422 2,
453 350 487 423 9,
507 349 525 405 2
549 345 581 406 P.
603 339 717 420 1272b,
749 346 826 406 libro
853 345 907 404 LX
930 346 1183 424 D.40,1·2,10

168 438 201 496 P·
223 431 381 584 1233&
403 525 564 600 proferam,
587 541 662 601 qnae
681 523 784 582 Alfeni
807 524 888 583 dicta
910 525 960 585 vel
982 525 1111 601 probata
1132 525 1182 584 vel

137 693 139 698 Ι
169 615 339 692 improbata
367 632 430 673 esse
444 642 446 646 ·
462 613 641 672 referuntur.
688 612 723 671 D.
744 615 799 690 39,
819 615 852 692 3,
873 617 891 672 2
916 613 1042 674 Paulus:
1071 607 1182 672 ‘Varus

170 705 213 764 ait
233 703 439 779 ...idemque
460 706 547 778 putat
637 701 736 761 Labeo
756 705 858 761 autem
878 697 941 762 ...²
973 703 1009 762 D.
1026 704 1078 780 32,
1095 705 1179 775 29,2

168 793 345 852 Javolenus:
375 787 464 850 ‘idem
487 791 614 848 Alfenus
637 789 736 850 Varus
765 791 870 851 Servio
893 791 1042 867 placuisse
1066 791 1180 866 scribit,

169 882 248 960 quod
267 886 298 940 et
316 900 421 938 verum
440 873 505 938 est’.
538 879 573 938 D.
586 881 637 955 31,
651 881 690 938 74
706 879 901 956 Papinianus:
921 875 992 962 ‘non
1006 883 1054 940 e'st
1067 899 1182 953 verum,
1277 888 1278 895 ’

121 1001 123 1005 ·
168 971 248 1046 quod
266 969 392 1028 Alfenus
411 963 551 1034 rettulit'.
567 987 568 991 ¹
584 967 620 1028 D.
637 969 687 1043 33,
704 970 731 1044 7,
750 971 799 1044 12,
816 971 833 1027 2
853 969 1014 1046 Ulpianus:
1039 963 1180 1028 ‘Alfenus

168 1059 270 1119 autem
290 1105 295 1116 .
312 1102 339 1116 ..
360 1057 411 1133 ait,
436 1057 531 1138 quia.
547 1101 576 1114 ..
596 1057 784 1133 opinabatur,
808 1058 886 1134 quod
904 1077 968 1118 non
988 1061 1034 1116 est
1051 1051 1180 1118 verum'.

256 1147 339 1206 Haec
356 1165 453 1222 pauca
467 1146 609 1204 Alfenum
628 1146 704 1205 iuris
723 1153 875 1206 auctorem
894 1165 954 1206 non
967 1147 1061 1206 fuisse
1076 1151 1179 1222 aperte

169 1239 289 1297 docent:
322 1240 376 1294 aut
406 1235 485 1294 enim
512 1253 572 1294 non
599 1235 707 1310 ipsius,
740 1233 792 1294 sed
823 1235 918 1294 Servii
946 1237 1111 1295 sententias
1142 1235 1179 1294 ab

168 1326 277 1385 Alfeno
300 1325 412 1383 relatas
435 1323 564 1399 probant
586 1325 636 1383 111
659 1323 838 1402 improbant,
862 1327 916 1382 aut
938 1325 1034 1400 ipsius
1058 1325 1190 1401 quidem.

169 1414 348 1474 sententiam
370 1413 550 1488 improbant,
574 1413 627 1471 sed
644 1413 746 1488 talem,
769 1431 859 1490 qnam
878 1433 913 1471 ex
931 1414 1179 1490 philosophorum

167 1507 286 1562 tantum
309 1502 485 1578 praeceptis
499 1501 620 1561 videtur
642 1501 787 1560 hausisse.
832 1501 950 1579 reliqua
969 1499 1087 1561 'nullius
1106 1521 1176 1579 pon·
1279 1571 1281 1586 Ι

168 1593 246 1652 dens
257 1594 396 1740 delii-’um
406 1679 509 1738 Alfeni
518 1679 692 1739 memoriam
702 1679 751 1739 vol
761 1678 912 1738 Ammiani
921 1647 1057 1755 tempdre
1068 1673 1137 1757 (30,
1142 1671 1178 1760 4)
1280 1697 1281 1762 3

168 1770 248 1846 apud
275 1769 434 1831 advocatos
463 1769 652 1846 aliquatenus
680 1771 831 1828 servatam
859 1786 921 1828 esse
944 1772 1075 1828 nonest
1099 1768 1178 1846 quod
1280 1779 1281 1854 1

167 1859 317 1919 miremur.
357 1879 385 1919 1.
404 1858 484 1917 infra
506 1879 533 1934 p.
551 1859 622 1917 288.
1279 1857 1281 1884 ¹

552 2087 574 2144 I.
603 2087 795 2162 Responsa.

257 2213 300 2270 De
324 2211 420 2272 Servii
444 2211 602 2287 Alfenique
630 2212 780 2286 responsis
808 2211 1008 2271 discernendis
1032 2231 1059 2270 v.
1084 2230 1176 2288 snpra

167 2323 195 2376 p.
207 2303 338 2377 160sqq.
362 2299 464 2358 Alfeni
479 2300 602 2371 clientes
617 2301 778 2358 maximam
792 2305 909 2376 partem
923 2319 959 2360 ex
972 2300 1076 2359 infima
1089 2302 1175 2376 plebe

167 2391 216 2450 vel
238 2389 363 2448 libertos
387 2383 479 2448 fuiss's
503 2393 635 2464 apparet.
682 2390 885 2465 quaestiones,
915 2389 1083 2465 dequibus
1108 2408 1175 2450 con-

168 2479 266 2538 sultus
295 2482 353 2556 est,
381 2479 557 2556 plerumque
581 2479 619 2537 ad
643 2496 743 2540 servos
766 2481 797 2537 et
820 2478 859 2537 ad
882 2477 994 2538 doliola
1015 2477 1177 2552 pertinent.

169 2568 303 2644 exempla
325 2573 395 2628 sunt
417 2567 606 2627 tabernarius
630 2568 682 2645 qui
704 2567 737 2625 in
760 2567 866 2627 semita
884 2571 975 2627 noctu
993 2585 1085 2643 supra
1103 2567 1177 2644 lapi-

169 2657 236 2716 dem
259 2658 411 2717 lucsrnam
434 2661 584 2732 posuerat,
608 2676 697 2732 quam
715 2657 899 2734 praeteriens
919 2655 1052 2732 sustulit,
1074 2655 1119 2714 its
1142 2659 1177 2714 ut

167 2747 264 2804 maior
287 2747 352 2804 rixa
375 2750 442 2806 orta
465 2747 518 2823 sit,
546 2747 577 2803 in
601 2765 660 2822 qua
684 2746 874 2804 tabernarius
898 2745 927 2804 ei
949 2745 1000 2822 qni
1022 2745 1176 2804 lucernam

168 2836 343 2909 sustulerat,
377 2836 495 2894 oculum
522 2835 626 2892 effodit
652 2825 703 2914 (D.
725 2837 756 2908 9,
778 2836 810 2912 2,
831 2827 889 2913 92)
914 2835 965 2906 111
992 2851 1097 2911 agaso,
1130 2834 1177 2892 cui

168 2941 235 2981 cum
262 2923 293 2988 in
320 2923 476 2982 tabernam
504 2941 615 2998 equum
638 2923 789 2996 educeret,
813 2924 896 2981 mula
919 2922 1028 2981 calcem
1051 2921 1177 2982 reiciens

167 3029 235 3069 crus
262 3011 355 3087 fregit
378 3007 428 3087 (D.
449 3013 481 3086 9,
503 3013 534 3082 1,
555 3003 589 3091 5)
616 3012 665 3069 111
692 3030 780 3088 puer,
811 3011 863 3086 qui
889 3011 1004 3086 plostro
1032 3029 1175 3070 converso

168 3099 298 3158 obtritus
330 3101 376 3158 est
404 3093 454 3175 (D.
480 3101 513 3174 9,
533 3101 566 3176 2,
587 3101 641 3172 52,
662 3093 697 3178 2)
725 3100 774 3158 111
802 3100 967 3174 communis
995 3117 1098 3159 servus
1124 3100 1176 3176 qui

59 3179 62 3185 ’
168 3207 236 3248 cum
259 3188 340 3265 apud
363 3189 492 3247 alterum
508 3191 605 3266 ¹esset,
629 3207 697 3246 crus
715 3187 807 3263 fregit
826 3207 914 3264 opere
934 3179 985 3268 (D.
1007 3191 1056 3260 10,
1073 3190 1101 3263 3,
1118 3184 1174 3267 26)

167 3279 216 3338 111
243 3296 359 3354 servus,
388 3277 440 3354 qui
467 3295 535 3336 cum
563 3277 625 3352 pila
652 3277 820 3352 complures
848 3278 999 3351 luderent,
1026 3277 1175 3352 impulsus

168 3367 274 3425 cecidit
297 3371 329 3426 et
350 3385 416 3425 crus
440 3367 532 3444 fregit
555 3357 711 3447 (D.9,-2,
731 3367 787 3440 52,
805 3360 839 3444 4)
858 3366 907 3425 111
931 3383 1033 3424 servus
1057 3365 1175 3441 dispen-

168 3456 258 3528 sator,
282 3474 370 3532 quem
389 3454 527 3513 dominus
545 3453 729 3530 manumisit,
754 3454 805 3511 sed
823 3457 936 3528 postea,
955 3472 1023 3512 cum
1041 3454 1174 3513 rationes

167 3543 205 3598 ab
235 3561 268 3599 eo
297 3543 474 3618 accepisset,
507 3543 651 3618 comperit
679 3541 759 3617 apud
786 3541 937 3616 quandam
965 3541 1174 3601 mulierculam
