2602 3912
173 210 217 272 54
253 209 300 267 IV.
322 209 467 264 SEPTIMI
483 210 692 268 secularis
709 211 880 268 CONSUL'P.
896 212 1021 267 SERIES
1036 211 1183 269 ALTERA

173 377 267 438 Lucio
301 379 396 456 Titio,
434 378 517 438 dedit
553 379 632 440 dotis
668 380 787 440 nomine
824 384 942 440 centum
979 383 1009 440 et
1046 381 1185 440 adhibuit

175 467 321 537 Quintum
343 467 488 544 Mucium,
513 468 565 545 qui
588 469 690 528 dotem
712 469 913 546 adstipulatus
937 463 1002 529 est'

260 557 445 616 Modestinus
487 557 525 615 ad
561 556 594 626 Q.
626 557 758 616 Mucium
795 557 888 617 libros
926 558 1078 634 scripsisse
1115 559 1183 618 ideo

171 645 338 722 videbatur,
362 645 442 722 quod
463 645 701 722 fragmentorum
723 647 910 722 quorundam
933 648 965 705 in
986 647 1114 724 Digesta
1137 666 1183 706 re·

171 738 327 811 ceptorum
350 733 505 810 inscriptio
530 737 671 810 corrupta
693 741 747 794 est.
788 753 836 794 res
860 735 939 794 enim
962 735 1005 795 sio
1028 753 1058 794 se
1081 735 1183 797 habet.

170 823 206 883 D.
222 825 274 901 41,
291 826 317 895 1,
336 824 377 882 52
396 822 509 900 legitur
527 816 722 882 ‘Modestinus
741 823 818 883 libro
837 824 963 899 septimo
982 818 1184 902 regularum'3

172 916 340 989 sequuntur
363 911 421 970 duo
445 911 615 990 fragmenta
638 904 688 990 (D.
711 914 764 990 41,
784 915 812 990 1,
831 914 873 973 43
898 917 928 972 et
952 903 1009 994 54)
1037 913 1185 989 inscripta

171 995 268 1060 ‘Idem
291 1000 369 1059 libro
393 1004 501 1076 quarto
523 1001 636 1060 decimo
656 1002 694 1060 ad
713 1000 855 1070 Quintum
874 995 1017 1059 Mucium'
1037 1004 1068 1060 et
1086 995 1184 1061 ‘Idem

170 1089 249 1148 libro
278 1089 456 1166 trigensimo
483 1089 580 1165 primo
609 1089 648 1148 ad
675 1089 819 1159 Quintum
846 1084 999 1148 Mucium'.
1050 1109 1184 1149 errorem

171 1178 327 1254 scriptoris
363 1177 450 1237 hodie
488 1196 590 1239 omnes
622 1181 801 1256 agnoscunt:
837 1178 936 1254 priore
969 1179 1033 1237 loco
1066 1172 1184 1238 ‘Idem'

170 1285 327 1342 perperam
346 1285 400 1342 pro
420 1266 578 1343 Pomponii
595 1269 715 1326 nomine
734 1268 952 1343 scriptumest.
992 1268 1028 1327 cf.
1043 1267 1184 1345 Krueger

170 1377 199 1432 p.
226 1357 304 1434 227,
324 1357 374 1414 20.
420 1357 451 1413 in
479 1356 639 1416 Modestini
666 1357 811 1416 librorum
837 1355 1015 1433 fragmentis
1038 1355 1071 1426 Q.
1090 1357 1184 1417 Mucii

169 1463 317 1523 nusquam
336 1463 445 1504 nomen
463 1445 626 1520 reperitur3
645 1448 678 1504 at
693 1445 834 1506 Scaevola
850 1446 942 1504 semel
956 1437 1070 1525 (ura
1084 1447 1134 1522 15,
1145 1439 1182 1526 4)

168 1535 318 1610 laudatur,
337 1534 420 1608 isque
439 1533 563 1593 insolita
581 1534 698 1594 ratione
716 1553 777 1594 non
794 1532 960 1609 Cornidius,
979 1533 1032 1593 sed
1049 1533 1181 1603 Quintus

167 1623 286 1682 Mnoius
313 1622 526 1700 intelligendus
552 1627 606 1682 est.
652 1623 844 1698 desumptum
867 1627 914 1682 est
936 1623 1139 1700 fragmentum
1164 1643 1180 1682 e
1265 1642 1267 1646 ·

168 1711 353 1790 Regularum
380 1711 458 1770 libro
485 1712 576 1771 tertio
605 1715 675 1787 post
700 1710 872 1770 Caracallae
899 1714 1027 1770 mortem
1055 1712 1183 1790 scripto.

258 1799 371 1871 Quarto
400 1802 531 1876 saeculo,
559 1819 628 1859 cum
655 1801 780 1876 antiqua
806 1817 854 1858 res
882 1800 1003 1874 publica
1030 1799 1180 1878 interiret,

170 1890 366 1949 Mamertinus
399 1889 518 1965 quidem
550 1889 643 1964 idem,
676 1889 726 1965 qui
754 1888 859 1946 Manili
890 1888 1065 1948 memoriam
1096 1909 1180 1950 revo-

170 1978 259 2055 cavit,
282 1978 374 2037 etiam
392 1977 525 2036 Mucium
543 1976 686 2037 Scaevola
706 1977 812 2036 laudat
829 1980 906 2054 grat.
925 1982 980 2036 act.
1000 1977 1116 2037 Iuliano
1138 1981 1181 2038 20

170 2063 271 2147 (iuris
299 2066 395 2125 civilis
419 2065 587 2143 scientiam,
615 2083 692 2142 quae
715 2065 854 2125 Manilios
879 2065 1036 2126 Scaevolae
1060 2066 1181 2127 Servios

167 2157 200 2214 in
227 2154 444 2230 amplissimum
471 2154 598 2229 gradum
626 2154 782 2231 dignitatis
810 2145 954 2236 evexit),
985 2155 1038 2214 sed
1064 2175 1089 2216 a.
1114 2159 1179 2216 396

169 2243 317 2302 Arcadius
346 2246 377 2300 et
403 2241 554 2302 Honorius
582 2235 628 2324 (O.
649 2243 703 2302 Th.
723 2245 752 2320 4,
772 2247 801 2320 4,
819 2242 852 2318 3)
880 2242 1051 2303 Cer-vidium
1078 2245 1179 2320 potius

168 2333 256 2390 illum
275 2330 449 2390 Scaevolam
472 2325 749 2406 ‘prudentissimum
767 2332 842 2391 iuris
862 2325 1044 2392 consultum'
1066 2332 1180 2411 dicunt,

168 2426 200 2479 et
232 2420 336 2479 eodem
367 2423 429 2479 iere
461 2423 595 2496 tempore
622 2420 812 2498 Augustinus
845 2421 881 2480 de
914 2421 968 2481 civ.
1002 2421 1050 2480 dei
1078 2423 1112 2497 4,
1137 2425 1178 2481 27

169 2510 302 2569 Mucium
320 2508 495 2569 Scaevolam
515 2529 576 2570 non
593 2511 669 2570 iuris
689 2511 868 2587 consultum,
891 2510 944 2569 sed
963 2503 1181 2570 ‘doctissimum

169 2592 353 2676 pontificem'
373 2600 516 2675 appellat,
534 2600 586 2676 qui
604 2600 641 2658 de
660 2599 784 2658 deorum
797 2599 956 2676 generibus
970 2599 1180 2675 disputaverit.

259 2688 459 2748 Tribonianus
491 2707 563 2759 cum
586 2688 714 2766 Digesta
742 2691 945 2765 componeret,
975 2707 1047 2746 num
1076 2687 1182 2757 Quinti

169 2777 261 2837 Mucii
284 2777 358 2836 iuris
382 2777 478 2836 civilis
502 2781 532 2836 et
554 2777 651 2837 Laelii
669 2777 777 2836 Felicis
797 2776 912 2853 Gaique
935 2776 974 2836 ad
993 2776 1026 2846 Q.
1046 2777 1182 2837 Mucium

169 2867 217 2925 vel
245 2885 280 2923 ex
304 2864 338 2934 Q.
358 2865 456 2924 Mucio
484 2865 579 2925 factos
607 2866 701 2925 libros
729 2866 881 2943 habuerit,
909 2865 1070 2925 nescimus:
1099 2870 1182 2926 certe

169 2955 253 3013 nullo
277 2972 380 3012 eorum
402 2971 475 3012 usus
499 2958 552 3012 est.
594 2957 729 3012 attamen
750 2952 783 3022 Q.
802 2954 894 3013 Mucii
916 2954 993 3014 libro
1017 2951 1095 3034 ὅρων
1115 2955 1181 3014 Tri-

168 3043 317 3102 bonianus
339 3059 411 3100 usus
434 3041 574 3102 videatur
597 3061 676 3119 esse,
700 3061 768 3102 cum
791 3045 822 3101 et
844 3043 988 3102 nonnulla
1010 3043 1183 3121 fragmenta

170 3132 233 3190 eius
261 3131 292 3189 in
315 3130 449 3207 Digestis
475 3131 611 3207 legamus
634 3135 665 3190 et
687 3131 777 3190 index
799 3131 991 3191 Florentinus
1015 3132 1083 3191 libri
1106 3133 1181 3192 titu-

170 3222 234 3280 lum.
257 3219 404 3279 exhibeat.
449 3219 544 3279 nihilo
567 3220 665 3279 minus
690 3220 793 3297 quaeri
815 3223 923 3296 potest,
949 3225 1052 3280 utrum
1075 3221 1182 3281 Tribo-

170 3311 279 3369 nianus
311 3327 344 3368 re
377 3326 447 3367 vera
479 3309 557 3368 huno
591 3306 623 3378 Q.
648 3309 739 3368 Mucii
771 3309 882 3369 librum
914 3310 1068 3386 habuerit,
1101 3311 1182 3388 quod

171 3399 309 3478 Krueger
330 3418 359 3474 p.
380 3399 442 3457 327
468 3398 628 3475 contendit,
652 3417 691 3458 an
715 3417 783 3458 eum
806 3416 837 3458 se
858 3399 968 3459 habere
987 3399 1182 3480 simulaverit,

171 3507 240 3548 cum
263 3507 298 3548 ex
320 3489 509 3564 posterorum
532 3487 617 3546 libris
638 3488 792 3548 Mucianus
816 3488 980 3547 sententias
1004 3487 1182 3562 desumeret,

167 3579 251 3653 quod
280 3577 331 3637 alii
359 3577 417 3639 viri
446 3577 526 3638 docti
548 3580 666 3654 putant.
712 3595 760 3637 res
784 3581 862 3636 certe
886 3575 1044 3635 diiudicari
1066 3577 1183 3653 nequit.
