2588 3908
168 184 234 248 200
271 183 317 240 Vl.
339 182 704 241 0111111111111111
725 183 899 240 GONSULT.
916 181 1041 238 scalas
1060 181 1182 236 PRIMA
1277 127 1279 148 ⁴

259 346 344 412 106?
364 345 401 412 D.
419 345 470 429 19,
486 348 515 428 1,
528 346 579 410 27.
611 343 732 410 Paulus
750 347 834 412 libro
851 347 946 410 tertio
963 346 1182 431 epitomarum

168 435 278 500 Alfeni
296 431 346 522 (P-
361 435 428 519 53).
465 434 640 519 [Quidquid
665 435 812 500 venditor
834 455 1035 500 accessurum
1055 434 1183 512 dixerit,

167 525 201 588 id
228 524 390 609 integrum
414 545 451 588 ac
475 545 588 588 sanum
611 523 695 588 tradi
718 527 860 608 oportet:
887 524 1002 604 relati]
1028 523 1057 588 si
1080 523 1182 588 fundo
1278 531 1279 534 ’

169 613 255 678 dolia
279 635 446 678 accessura
469 612 612 696 dixisset,
635 635 700 676 non
724 634 851 698 quassa,
876 613 931 677 sed
954 613 1083 697 integra
1104 612 1184 676 dare
1278 613 1279 686 Ῠ

169 702 272 766 debet.
1278 699 1279 718 ³

258 795 359 855 Verba
381 795 464 855 uncis
488 795 604 854 inclusa
628 795 801 854 Triboniani
824 813 887 854 esse
911 794 1018 854 iudico.
1062 794 1184 871 reliqua
1277 765 1279 828 l

171 885 272 944 Alfeni
295 885 387 944 verba
409 887 527 943 mutata
550 888 628 944 sunt.

528 1035 572 1090 De
589 1036 683 1089 111111
700 1036 819 1091 erudita.

262 1135 334 1200 107.
366 1135 405 1202 Ι).
428 1137 481 1216 18,
502 1137 530 1219 6,
552 1129 601 1200 12.
643 1134 779 1200 Alfenus
802 1135 910 1201 Varus
933 1137 1017 1200 libro
1041 1141 1183 1200 secundo

171 1225 382 1308 Digestorum
402 1222 451 1311 (P.
467 1223 533 1311 12).
571 1223 606 1290 si
624 1225 756 1289 vendita
775 1225 881 1289 insula
900 1225 1068 1291 combusta
1087 1229 1185 1302 esset,

172 1336 243 1378 cum
259 1313 442 1378 incendium
457 1315 524 1378 sine
540 1313 634 1397 culpa
648 1314 717 1377 fieri
731 1334 795 1376 non
812 1313 924 1398 possit,
939 1313 1015 1398 quid
1026 1315 1105 1378 iuris
1117 1314 1184 1378 sit?
1278 1373 1279 1396 ,

173 1401 339 1486 respondit
366 1403 454 1486 [quia
478 1403 546 1467 sine
569 1404 672 1486 patris
696 1403 836 1466 familias
860 1402 955 1486 culpa
978 1403 1049 1466 fieri
1073 1406 1185 1486 potest

171 1513 284 1576 neque,
308 1491 336 1554 si
360 1513 527 1556 servorum
549 1492 753 1577 neglegentia
771 1491 892 1556 factum
912 1496 1005 1575 esset,
1028 1491 1182 1556 continuo
1278 1567 1279 1578 ,

172 1579 321 1644 dominus
344 1580 379 1646 in
402 1581 497 1664 culpa
516 1581 587 1666 erit,
610 1602 706 1664 quam
726 1580 766 1644 ob
786 1583 868 1660 rem]
894 1581 919 1643 si
944 1580 1092 1645 venditor
1111 1602 1183 1644 eam
1278 1583 1279 1618 l

172 1669 373 1754 diligentiam
402 1668 603 1734 adhibuisset
631 1669 667 1732 in
695 1669 802 1733 insula
831 1668 1053 1752 custodienda,
1086 1690 1182 1753 quam

173 1758 293 1822 debent
315 1758 463 1824 homines
487 1757 573 1842 frugi
598 1761 630 1820 et
652 1757 825 1841 diligentes
849 1762 1030 1841 praestare,
1054 1757 1082 1820 si
1107 1757 1183 1842 quid

172 1847 355 1924 accidisset,
379 1847 462 1910 nihil
487 1847 526 1909 ad
551 1867 623 1909 eum
646 1846 826 1926 pertinebit.

263 1958 437 2017 Triboniani
459 1975 579 2015 manum
604 1956 765 2016 ostendunt
791 1957 876 2033 copia
898 1957 979 2018 vocis
1002 1951 1052 2017 ‘si’
1076 1949 1130 2039 (‘si
1152 2003 1182 2018 ..
1278 2029 1279 2034 η

173 2047 296 2106 vendita
324 2091 366 2122 ..,
399 2047 424 2104 si
453 2063 606 2104 servorum
635 2091 662 2105 ..
692 2045 717 2103 si
744 2046 881 2105 venditor
905 2090 933 2106 ..
958 2047 983 2106 si
1015 2046 1087 2124 quid
1111 2040 1183 2127 ..')‚

173 2136 251 2193 falsa
275 2133 443 2192 consecutio
473 2135 641 2209 temporum
670 2126 732 2214 (‘si
756 2179 785 2194 ..
809 2137 899 2212 esset,
1002 2137 1072 2212 erit,
1106 2136 1183 2194 si..

174 2222 373 2299 adhibuisset,
403 2214 668 2303 ..pertinebit'),
696 2222 788 2282 verba
811 2218 968 2282 ‘continuo
992 2224 1128 2284 dominus
1151 2225 1183 2282 in

174 2312 263 2386 culpa
291 2303 373 2387 erit',
402 2303 584 2386 ‘respondit
613 2304 708 2386 quia’.
755 2315 888 2371 ceterum
914 2312 1006 2371 verba
1028 2313 1115 2372 uncis
1138 2315 1182 2371 in·
1278 2369 1279 2384 ,

175 2401 259 2458 clusa
274 2399 448 2457 Triboniani
468 2418 532 2458 esse
551 2403 581 2458 et
596 2399 737 2459 Alfenum
757 2401 798 2460 sic
816 2402 878 2460 fere
898 2403 1051 2477 scripsisse
1070 2401 1180 2462 iudico:

174 2483 309 2549 ‘vendita
336 2488 435 2547 insula
457 2489 615 2548 combusta
638 2493 697 2568 111,
726 2507 792 2548 cum
816 2490 986 2549 incendium
1008 2490 1071 2550 sine
1097 2492 1183 2568 culpa
1278 2489 1279 2520 ³

174 2578 238 2637 ficri
257 2597 316 2637 non
335 2578 477 2654 potuerit.
510 2578 582 2655 quid
600 2577 674 2637 iuris
695 2579 743 2653 sit,
762 2579 931 2654 quaesitum
951 2582 997 2638 est
1016 2581 1047 2638 et
1060 2598 1180 2657 respon·

176 2667 231 2727 dit:
260 2668 285 2726 si
311 2667 450 2727 venditor
548 2667 719 2744 accidisset,
746 2667 822 2727 nihil
850 2667 888 2726 ad
915 2687 984 2727 eum
1008 2663 1181 2743 pertinere’.

506 2818 550 2872 ne
567 2820 714 2888 mancipiis
731 2807 855 2874 11111.

266 2918 338 2982 108.
366 2917 489 2982 Gellius
507 2919 581 3002 4,2,
599 2919 669 2982 1.2.
686 2919 736 2982 12.
777 2919 815 2981 In
839 2918 942 2983 edicto
962 2921 1114 2986 aedilium
1134 2945 1183 2987 cu-

175 3007 303 3087 rulium,
327 3027 390 3089 qua
412 3010 504 3088 parte
528 3006 566 3070 de
589 3007 758 3090 mancipiis
777 3007 951 3072 vendendis
971 3013 1100 3074 cautum
1127 3019 1175 3076 111

178 3095 333 3179 scriptum
347 3095 392 3158 sic
402 3094 475 3158 fuit:
492 3093 617 3159 ‘titulus
629 3095 822 3178 scriptorum
833 3097 1034 3179 singulorum
1046 3101 1183 3184 scriptus
1278 3129 1279 3150 1

178 3183 234 3266 sit,
262 3185 373 3248 curato
397 3184 459 3268 ita,
488 3187 524 3246 ut
550 3181 691 3266 intelligi
719 3188 804 3249 recte
832 3185 949 3271 possit,
978 3187 1054 3270 quid
1078 3189 1182 3254 morbi
1278 3207 1279 3252 i

177 3273 310 3356 vitiique
340 3273 452 3355 cuique
482 3271 524 3336 sit
553 3270 621 3337 ...'
668 3277 839 3357 propterea
868 3275 1074 3358 quaesierunt
1101 3278 1182 3342 iure·
1278 3283 1279 3290 ’

107 3411 109 3414 -
179 3362 320 3427 consulti
347 3365 486 3443 veteres,
519 3361 595 3446 quid
623 3362 818 3444 mancipium
847 3365 1034 3428 morbosum
1069 3367 1183 3450 quidve

178 3451 331 3516 vitiosum
355 3455 442 3514 recte
462 3451 662 3516 diceretur..
682 3473 754 3516 eum
774 3473 860 3534 1110,
883 3453 934 3516 cui
954 3453 1031 3518 dens
1052 3454 1184 3538 deesset,
1278 3479 1279 3534 1

180 3537 309 3604 Servius
332 3539 494 3603 redhiberi
516 3561 612 3623 posse
636 3539 811 3625 respondit.

1176 3061 1184 3094 7
1278 3089 1279 3092 ,
