<?xml version="1.0" encoding="UTF-8"?>
<!DOCTYPE html PUBLIC "-//W3C//DTD XHTML 1.0 Transitional//EN"
    "http://www.w3.org/TR/xhtml1/DTD/xhtml1-transitional.dtd">
<html xmlns="http://www.w3.org/1999/xhtml" xml:lang="en" lang="en">
 <head>
  <title>
</title>
<meta http-equiv="Content-Type" content="text/html;charset=utf-8" />
  <meta name='ocr-system' content='tesseract 3.04.00' />
  <meta name='ocr-capabilities' content='ocr_page ocr_carea ocr_par ocr_line ocrx_word'/>
</head>
<body>
  <div class='ocr_page' id='page_1' title='image "./iurisprudentiae05bremgoog_0334.png"; bbox 0 0 2598 3910; ppageno 0'>
   <div class='ocr_carea' id='block_1_1' title="bbox 180 188 1188 255">
    <p class='ocr_par' dir='ltr' id='par_1_1' title="bbox 180 188 1188 255">
     <span class='ocr_line' id='line_1_1' title="bbox 180 188 1188 255; baseline -0.003 -10"><span class='ocrx_word' id='word_1_1' title='bbox 180 192 246 255; x_wconf 74' lang='grc'>324</span> <span class='ocrx_word' id='word_1_2' title='bbox 274 190 346 245; x_wconf 92' lang='lat' dir='ltr'>VIII.</span> <span class='ocrx_word' id='word_1_3' title='bbox 363 189 493 245; x_wconf 79' lang='lat' dir='ltr'><strong>OCTAVI</strong></span> <span class='ocrx_word' id='word_1_4' title='bbox 509 188 607 243; x_wconf 83' lang='lat' dir='ltr'>SAEC.</span> <span class='ocrx_word' id='word_1_5' title='bbox 618 188 714 242; x_wconf 85' lang='lat' dir='ltr'>IURIS</span> <span class='ocrx_word' id='word_1_6' title='bbox 730 188 904 243; x_wconf 84' lang='lat' dir='ltr'>CONSULT.</span> <span class='ocrx_word' id='word_1_7' title='bbox 916 188 1039 242; x_wconf 80' lang='lat' dir='ltr'>SERIES</span> <span class='ocrx_word' id='word_1_8' title='bbox 1055 189 1188 243; x_wconf 83' lang='lat' dir='ltr'><strong>TERTIA</strong></span> 
     </span>
    </p>
   </div>
   <div class='ocr_carea' id='block_1_2' title="bbox 180 351 1191 617">
    <p class='ocr_par' dir='ltr' id='par_1_2' title="bbox 180 351 1191 617">
     <span class='ocr_line' id='line_1_2' title="bbox 181 351 1190 437; baseline -0.004 -17"><span class='ocrx_word' id='word_1_9' title='bbox 181 358 267 420; x_wconf 86' lang='grc'><strong>66661</strong></span> <span class='ocrx_word' id='word_1_10' title='bbox 286 359 319 418; x_wconf 89' lang='grc'>61</span> <span class='ocrx_word' id='word_1_11' title='bbox 337 353 458 417; x_wconf 89' lang='lat' dir='ltr'>relatus</span> <span class='ocrx_word' id='word_1_12' title='bbox 477 355 673 436; x_wconf 87' lang='lat' dir='ltr'>tempestate</span> <span class='ocrx_word' id='word_1_13' title='bbox 691 351 727 415; x_wconf 93' lang='lat' dir='ltr'>in</span> <span class='ocrx_word' id='word_1_14' title='bbox 743 351 882 416; x_wconf 89' lang='lat' dir='ltr'>insulam</span> <span class='ocrx_word' id='word_1_15' title='bbox 898 352 1080 436; x_wconf 84' lang='lat' dir='ltr'>[deductus]</span> <span class='ocrx_word' id='word_1_16' title='bbox 1096 358 1190 437; x_wconf 90' lang='lat' dir='ltr'>esset,</span> 
     </span>
     <span class='ocr_line' id='line_1_3' title="bbox 182 440 1189 526; baseline -0.003 -17"><span class='ocrx_word' id='word_1_17' title='bbox 182 445 211 509; x_wconf 87' lang='lat' dir='ltr'>si</span> <span class='ocrx_word' id='word_1_18' title='bbox 233 443 308 508; x_wconf 89' lang='lat' dir='ltr'>inde</span> <span class='ocrx_word' id='word_1_19' title='bbox 332 443 450 506; x_wconf 77' lang='lat' dir='ltr'>exisset</span> <span class='ocrx_word' id='word_1_20' title='bbox 472 463 536 505; x_wconf 92' lang='lat' dir='ltr'>non</span> <span class='ocrx_word' id='word_1_21' title='bbox 560 441 662 505; x_wconf 87' lang='lat' dir='ltr'>videri</span> <span class='ocrx_word' id='word_1_22' title='bbox 686 445 798 504; x_wconf 89' lang='lat' dir='ltr'>contra</span> <span class='ocrx_word' id='word_1_23' title='bbox 821 440 926 524; x_wconf 81' lang='lat' dir='ltr'>legem</span> <span class='ocrx_word' id='word_1_24' title='bbox 948 440 1063 505; x_wconf 85' lang='lat' dir='ltr'>fecisse</span> <span class='ocrx_word' id='word_1_25' title='bbox 1086 445 1189 526; x_wconf 90' lang='lat' dir='ltr'>[prae-</span> 
     </span>
     <span class='ocr_line' id='line_1_4' title="bbox 180 530 1191 617; baseline -0.004 -19"><span class='ocrx_word' id='word_1_26' title='bbox 180 539 269 598; x_wconf 82' lang='lat' dir='ltr'>terea</span> <span class='ocrx_word' id='word_1_27' title='bbox 297 531 382 617; x_wconf 92' lang='lat' dir='ltr'>quod</span> <span class='ocrx_word' id='word_1_28' title='bbox 409 531 474 595; x_wconf 88' lang='lat' dir='ltr'>iam</span> <span class='ocrx_word' id='word_1_29' title='bbox 502 530 594 593; x_wconf 91' lang='lat' dir='ltr'>initio</span> <span class='ocrx_word' id='word_1_30' title='bbox 623 533 752 593; x_wconf 85' lang='lat' dir='ltr'>evectae</span> <span class='ocrx_word' id='word_1_31' title='bbox 781 533 868 594; x_wconf 85' lang='lat' dir='ltr'>cotes</span> <span class='ocrx_word' id='word_1_32' title='bbox 897 530 1094 612; x_wconf 84' lang='lat' dir='ltr'>viderentur,</span> <span class='ocrx_word' id='word_1_33' title='bbox 1118 552 1191 595; x_wconf 91' lang='lat' dir='ltr'>oum</span> 
     </span>
    </p>
   </div>
   <div class='ocr_carea' id='block_1_3' title="bbox 182 617 812 705">
    <p class='ocr_par' dir='ltr' id='par_1_3' title="bbox 182 617 812 705">
     <span class='ocr_line' id='line_1_5' title="bbox 182 617 812 705; baseline -0.01 -18"><span class='ocrx_word' id='word_1_34' title='bbox 182 627 216 687; x_wconf 92' lang='lat' dir='ltr'>et</span> <span class='ocrx_word' id='word_1_35' title='bbox 239 644 277 685; x_wconf 84' lang='lat' dir='ltr'>ex</span> <span class='ocrx_word' id='word_1_36' title='bbox 301 624 397 705; x_wconf 90' lang='lat' dir='ltr'>portu</span> <span class='ocrx_word' id='word_1_37' title='bbox 421 620 512 684; x_wconf 88' lang='lat' dir='ltr'>navis</span> <span class='ocrx_word' id='word_1_38' title='bbox 535 617 681 702; x_wconf 87' lang='lat' dir='ltr'>profecta</span> <span class='ocrx_word' id='word_1_39' title='bbox 704 620 812 698; x_wconf 89' lang='lat' dir='ltr'>esset].</span> 
     </span>
    </p>
   </div>
   <div class='ocr_carea' id='block_1_4' title="bbox 145 733 1191 1081">
    <p class='ocr_par' dir='ltr' id='par_1_4' title="bbox 145 733 1191 1081">
     <span class='ocr_line' id='line_1_6' title="bbox 145 733 1191 816; baseline -0.001 -17"><span class='ocrx_word' id='word_1_40' title='bbox 145 766 147 771; x_wconf 96' lang='lat'>·</span> <span class='ocrx_word' id='word_1_41' title='bbox 270 741 307 800; x_wconf 89' lang='lat' dir='ltr'>ef.</span> <span class='ocrx_word' id='word_1_42' title='bbox 330 741 460 799; x_wconf 83' lang='lat' dir='ltr'>edictum</span> <span class='ocrx_word' id='word_1_43' title='bbox 483 738 630 814; x_wconf 88' lang='lat' dir='ltr'>praetoris</span> <span class='ocrx_word' id='word_1_44' title='bbox 653 757 671 796; x_wconf 91' lang='lat' dir='ltr'>a</span> <span class='ocrx_word' id='word_1_45' title='bbox 693 735 936 815; x_wconf 78' lang='lat' dir='ltr'>Gell.11,17,2</span> <span class='ocrx_word' id='word_1_46' title='bbox 958 739 1101 798; x_wconf 88' lang='lat' dir='ltr'>relatum:</span> <span class='ocrx_word' id='word_1_47' title='bbox 1126 733 1191 816; x_wconf 69' lang='lat' dir='ltr'>‘qui</span> 
     </span>
     <span class='ocr_line' id='line_1_7' title="bbox 181 827 1191 903; baseline -0.004 -13"><span class='ocrx_word' id='word_1_48' title='bbox 181 832 305 890; x_wconf 89' lang='lat' dir='ltr'>flumina</span> <span class='ocrx_word' id='word_1_49' title='bbox 332 828 458 888; x_wconf 91' lang='lat' dir='ltr'>retanda</span> <span class='ocrx_word' id='word_1_50' title='bbox 484 827 603 903; x_wconf 88' lang='lat' dir='ltr'>publice</span> <span class='ocrx_word' id='word_1_51' title='bbox 631 827 787 902; x_wconf 90' lang='lat' dir='ltr'>redempta</span> <span class='ocrx_word' id='word_1_52' title='bbox 811 827 936 903; x_wconf 89' lang='lat' dir='ltr'>habent,</span> <span class='ocrx_word' id='word_1_53' title='bbox 964 827 990 887; x_wconf 86' lang='lat' dir='ltr'>si</span> <span class='ocrx_word' id='word_1_54' title='bbox 1012 828 1064 903; x_wconf 91' lang='lat' dir='ltr'>qui</span> <span class='ocrx_word' id='word_1_55' title='bbox 1086 847 1191 887; x_wconf 90' lang='lat' dir='ltr'>eorum</span> 
     </span>
     <span class='ocr_line' id='line_1_8' title="bbox 181 915 1191 994; baseline -0.003 -15"><span class='ocrx_word' id='word_1_56' title='bbox 181 921 220 979; x_wconf 91' lang='lat' dir='ltr'>ad</span> <span class='ocrx_word' id='word_1_57' title='bbox 252 939 299 978; x_wconf 93' lang='lat' dir='ltr'>me</span> <span class='ocrx_word' id='word_1_58' title='bbox 333 918 457 976; x_wconf 85' lang='lat' dir='ltr'>eductus</span> <span class='ocrx_word' id='word_1_59' title='bbox 489 917 581 974; x_wconf 85' lang='lat' dir='ltr'>fuerit</span> <span class='ocrx_word' id='word_1_60' title='bbox 614 915 666 992; x_wconf 91' lang='lat' dir='ltr'>qui</span> <span class='ocrx_word' id='word_1_61' title='bbox 694 915 825 991; x_wconf 85' lang='lat' dir='ltr'>dicatur,</span> <span class='ocrx_word' id='word_1_62' title='bbox 853 917 932 992; x_wconf 91' lang='lat' dir='ltr'>quod</span> <span class='ocrx_word' id='word_1_63' title='bbox 961 935 1029 974; x_wconf 89' lang='lat' dir='ltr'>eum</span> <span class='ocrx_word' id='word_1_64' title='bbox 1059 937 1095 975; x_wconf 81' lang='lat' dir='ltr'>er</span> <span class='ocrx_word' id='word_1_65' title='bbox 1125 919 1191 994; x_wconf 83' lang='lat' dir='ltr'>lege</span> 
     </span>
     <span class='ocr_line' id='line_1_9' title="bbox 180 999 893 1081; baseline -0.007 -13"><span class='ocrx_word' id='word_1_66' title='bbox 180 1007 339 1068; x_wconf 74' lang='lat' dir='ltr'>locationis</span> <span class='ocrx_word' id='word_1_67' title='bbox 362 1007 458 1064; x_wconf 88' lang='lat' dir='ltr'>facere</span> <span class='ocrx_word' id='word_1_68' title='bbox 483 1004 664 1081; x_wconf 78' lang='lat' dir='ltr'>oportuerit,</span> <span class='ocrx_word' id='word_1_69' title='bbox 686 1023 747 1063; x_wconf 91' lang='lat' dir='ltr'>non</span> <span class='ocrx_word' id='word_1_70' title='bbox 768 999 893 1064; x_wconf 87' lang='lat' dir='ltr'>fecisse’.</span> 
     </span>
    </p>
   </div>
   <div class='ocr_carea' id='block_1_5' title="bbox 182 1087 1287 1386">
    <p class='ocr_par' dir='ltr' id='par_1_5' title="bbox 182 1087 1287 1386">
     <span class='ocr_line' id='line_1_10' title="bbox 273 1087 1287 1209; baseline -0.002 -19"><span class='ocrx_word' id='word_1_71' title='bbox 273 1127 344 1190; x_wconf 79' lang='lat'>102.</span> <span class='ocrx_word' id='word_1_72' title='bbox 373 1123 410 1187; x_wconf 90' lang='lat' dir='ltr'>D.</span> <span class='ocrx_word' id='word_1_73' title='bbox 432 1124 488 1209; x_wconf 84' lang='lat'>19,</span> <span class='ocrx_word' id='word_1_74' title='bbox 507 1125 542 1205; x_wconf 76' lang='lat'>2,</span> <span class='ocrx_word' id='word_1_75' title='bbox 561 1124 611 1188; x_wconf 81' lang='lat'>29.</span> <span class='ocrx_word' id='word_1_76' title='bbox 654 1122 789 1187; x_wconf 86' lang='lat' dir='ltr'>Alfenus</span> <span class='ocrx_word' id='word_1_77' title='bbox 817 1123 900 1187; x_wconf 91' lang='lat' dir='ltr'>libro</span> <span class='ocrx_word' id='word_1_78' title='bbox 929 1125 1068 1207; x_wconf 86' lang='lat' dir='ltr'>septimo</span> <span class='ocrx_word' id='word_1_79' title='bbox 1094 1123 1194 1208; x_wconf 85' lang='lat' dir='ltr'>Dige-</span> <span class='ocrx_word' id='word_1_80' title='bbox 1286 1087 1287 1104; x_wconf 24' lang='lat'>¹</span> 
     </span>
     <span class='ocr_line' id='line_1_11' title="bbox 182 1210 1194 1299; baseline -0.004 -18"><span class='ocrx_word' id='word_1_81' title='bbox 182 1221 306 1281; x_wconf 85' lang='lat' dir='ltr'>storum</span> <span class='ocrx_word' id='word_1_82' title='bbox 339 1211 388 1299; x_wconf 91' lang='lat' dir='ltr'>(P.</span> <span class='ocrx_word' id='word_1_83' title='bbox 412 1214 479 1298; x_wconf 72' lang='lat'>27).</span> <span class='ocrx_word' id='word_1_84' title='bbox 534 1211 572 1275; x_wconf 91' lang='lat' dir='ltr'>ln</span> <span class='ocrx_word' id='word_1_85' title='bbox 610 1213 682 1296; x_wconf 81' lang='lat' dir='ltr'>lege</span> <span class='ocrx_word' id='word_1_86' title='bbox 715 1210 885 1276; x_wconf 81' lang='lat' dir='ltr'>locationis</span> <span class='ocrx_word' id='word_1_87' title='bbox 919 1213 1076 1296; x_wconf 88' lang='lat' dir='ltr'>seriptum</span> <span class='ocrx_word' id='word_1_88' title='bbox 1109 1217 1194 1277; x_wconf 88' lang='lat' dir='ltr'>erat:</span> 
     </span>
     <span class='ocr_line' id='line_1_12' title="bbox 183 1299 1191 1386; baseline -0.003 -17"><span class='ocrx_word' id='word_1_89' title='bbox 183 1305 378 1386; x_wconf 83' lang='lat' dir='ltr'>‘redemptor</span> <span class='ocrx_word' id='word_1_90' title='bbox 397 1302 511 1365; x_wconf 88' lang='lat' dir='ltr'>silvam</span> <span class='ocrx_word' id='word_1_91' title='bbox 530 1321 570 1364; x_wconf 91' lang='lat' dir='ltr'>ne</span> <span class='ocrx_word' id='word_1_92' title='bbox 589 1300 714 1365; x_wconf 83' lang='lat' dir='ltr'>caedito</span> <span class='ocrx_word' id='word_1_93' title='bbox 734 1322 815 1364; x_wconf 87' lang='lat' dir='ltr'>neve</span> <span class='ocrx_word' id='word_1_94' title='bbox 832 1299 954 1384; x_wconf 84' lang='lat' dir='ltr'>cingite</span> <span class='ocrx_word' id='word_1_95' title='bbox 968 1323 1049 1365; x_wconf 88' lang='lat' dir='ltr'>neve</span> <span class='ocrx_word' id='word_1_96' title='bbox 1064 1302 1191 1366; x_wconf 90' lang='lat' dir='ltr'>deurito</span> 
     </span>
    </p>
   </div>
   <div class='ocr_carea' id='block_1_6' title="bbox 182 1387 1287 1476">
    <p class='ocr_par' dir='ltr' id='par_1_6' title="bbox 182 1387 1287 1476">
     <span class='ocr_line' id='line_1_13' title="bbox 182 1387 1287 1476; baseline 0 -18"><span class='ocrx_word' id='word_1_97' title='bbox 182 1414 262 1458; x_wconf 84' lang='lat' dir='ltr'>neve</span> <span class='ocrx_word' id='word_1_98' title='bbox 286 1413 381 1476; x_wconf 90' lang='lat' dir='ltr'>quem</span> <span class='ocrx_word' id='word_1_99' title='bbox 405 1390 532 1474; x_wconf 83' lang='lat' dir='ltr'>cingere</span> <span class='ocrx_word' id='word_1_100' title='bbox 551 1389 681 1454; x_wconf 78' lang='lat' dir='ltr'>caedere</span> <span class='ocrx_word' id='word_1_101' title='bbox 701 1411 791 1453; x_wconf 89' lang='lat' dir='ltr'>urere</span> <span class='ocrx_word' id='word_1_102' title='bbox 811 1387 929 1453; x_wconf 87' lang='lat' dir='ltr'>sinito’.</span> <span class='ocrx_word' id='word_1_103' title='bbox 967 1391 1193 1474; x_wconf 82' lang='lat' dir='ltr'>quaerebatur,</span> <span class='ocrx_word' id='word_1_104' title='bbox 1280 1401 1287 1458; x_wconf 66' lang='grc' dir='ltr'><strong>ἶ</strong></span> 
     </span>
    </p>
   </div>
   <div class='ocr_carea' id='block_1_7' title="bbox 183 1477 1196 2096">
    <p class='ocr_par' dir='ltr' id='par_1_7' title="bbox 183 1477 1196 2096">
     <span class='ocr_line' id='line_1_14' title="bbox 183 1477 1194 1562; baseline -0.004 -16"><span class='ocrx_word' id='word_1_105' title='bbox 183 1487 292 1547; x_wconf 89' lang='lat' dir='ltr'>utrum</span> <span class='ocrx_word' id='word_1_106' title='bbox 319 1481 517 1562; x_wconf 82' lang='lat' dir='ltr'>redemptor,</span> <span class='ocrx_word' id='word_1_107' title='bbox 545 1479 573 1542; x_wconf 91' lang='lat' dir='ltr'>si</span> <span class='ocrx_word' id='word_1_108' title='bbox 603 1499 698 1562; x_wconf 91' lang='lat' dir='ltr'>quem</span> <span class='ocrx_word' id='word_1_109' title='bbox 722 1477 797 1562; x_wconf 92' lang='lat' dir='ltr'>quid</span> <span class='ocrx_word' id='word_1_110' title='bbox 822 1499 931 1542; x_wconf 91' lang='lat' dir='ltr'>earum</span> <span class='ocrx_word' id='word_1_111' title='bbox 955 1500 1063 1542; x_wconf 89' lang='lat' dir='ltr'>rerum</span> <span class='ocrx_word' id='word_1_112' title='bbox 1086 1479 1194 1544; x_wconf 84' lang='lat' dir='ltr'>facere</span> 
     </span>
     <span class='ocr_line' id='line_1_15' title="bbox 183 1566 1194 1654; baseline -0.003 -19"><span class='ocrx_word' id='word_1_113' title='bbox 183 1570 325 1654; x_wconf 83' lang='lat' dir='ltr'>vidisset,</span> <span class='ocrx_word' id='word_1_114' title='bbox 347 1568 518 1652; x_wconf 89' lang='lat' dir='ltr'>prohibere</span> <span class='ocrx_word' id='word_1_115' title='bbox 542 1567 673 1631; x_wconf 90' lang='lat' dir='ltr'>deberet</span> <span class='ocrx_word' id='word_1_116' title='bbox 696 1587 738 1630; x_wconf 90' lang='lat' dir='ltr'>an</span> <span class='ocrx_word' id='word_1_117' title='bbox 761 1567 859 1630; x_wconf 87' lang='lat' dir='ltr'>etiam</span> <span class='ocrx_word' id='word_1_118' title='bbox 882 1566 930 1632; x_wconf 90' lang='lat' dir='ltr'>ita</span> <span class='ocrx_word' id='word_1_119' title='bbox 950 1568 1065 1632; x_wconf 87' lang='lat' dir='ltr'>silvam</span> <span class='ocrx_word' id='word_1_120' title='bbox 1087 1572 1194 1632; x_wconf 90' lang='lat' dir='ltr'>eusto-</span> 
     </span>
     <span class='ocr_line' id='line_1_16' title="bbox 184 1655 1194 1743; baseline -0.002 -21"><span class='ocrx_word' id='word_1_121' title='bbox 184 1660 263 1743; x_wconf 89' lang='lat' dir='ltr'>dire,</span> <span class='ocrx_word' id='word_1_122' title='bbox 285 1681 324 1722; x_wconf 92' lang='lat' dir='ltr'>ne</span> <span class='ocrx_word' id='word_1_123' title='bbox 344 1658 416 1742; x_wconf 86' lang='lat' dir='ltr'>quis</span> <span class='ocrx_word' id='word_1_124' title='bbox 435 1657 468 1720; x_wconf 89' lang='lat' dir='ltr'>id</span> <span class='ocrx_word' id='word_1_125' title='bbox 487 1656 592 1720; x_wconf 89' lang='lat' dir='ltr'>faeere</span> <span class='ocrx_word' id='word_1_126' title='bbox 611 1656 725 1740; x_wconf 88' lang='lat' dir='ltr'>possit.</span> <span class='ocrx_word' id='word_1_127' title='bbox 761 1655 914 1738; x_wconf 89' lang='lat' dir='ltr'>respondi</span> <span class='ocrx_word' id='word_1_128' title='bbox 934 1656 1066 1720; x_wconf 89' lang='lat' dir='ltr'>verbum</span> <span class='ocrx_word' id='word_1_129' title='bbox 1087 1658 1194 1721; x_wconf 90' lang='lat' dir='ltr'>sinere</span> 
     </span>
     <span class='ocr_line' id='line_1_17' title="bbox 183 1744 1195 1833; baseline -0.003 -20"><span class='ocrx_word' id='word_1_130' title='bbox 183 1753 353 1833; x_wconf 89' lang='lat' dir='ltr'>utramque</span> <span class='ocrx_word' id='word_1_131' title='bbox 376 1747 495 1810; x_wconf 87' lang='lat' dir='ltr'>habere</span> <span class='ocrx_word' id='word_1_132' title='bbox 515 1744 794 1830; x_wconf 81' lang='lat' dir='ltr'>significationem,</span> <span class='ocrx_word' id='word_1_133' title='bbox 813 1744 869 1808; x_wconf 93' lang='grc'>661</span> <span class='ocrx_word' id='word_1_134' title='bbox 887 1745 1063 1809; x_wconf 87' lang='lat' dir='ltr'>locatorem</span> <span class='ocrx_word' id='word_1_135' title='bbox 1084 1745 1195 1829; x_wconf 89' lang='lat' dir='ltr'>potius</span> 
     </span>
     <span class='ocr_line' id='line_1_18' title="bbox 183 1833 1195 1917; baseline -0.004 -14"><span class='ocrx_word' id='word_1_136' title='bbox 183 1838 216 1903; x_wconf 91' lang='lat' dir='ltr'>id</span> <span class='ocrx_word' id='word_1_137' title='bbox 241 1837 341 1901; x_wconf 88' lang='lat' dir='ltr'>videri</span> <span class='ocrx_word' id='word_1_138' title='bbox 363 1835 519 1916; x_wconf 85' lang='lat' dir='ltr'>voluisse,</span> <span class='ocrx_word' id='word_1_139' title='bbox 545 1838 582 1898; x_wconf 89' lang='lat' dir='ltr'>ut</span> <span class='ocrx_word' id='word_1_140' title='bbox 604 1833 788 1916; x_wconf 89' lang='lat' dir='ltr'>redemptor</span> <span class='ocrx_word' id='word_1_141' title='bbox 809 1854 874 1896; x_wconf 91' lang='lat' dir='ltr'>uon</span> <span class='ocrx_word' id='word_1_142' title='bbox 898 1834 1016 1915; x_wconf 90' lang='lat' dir='ltr'>solum,</span> <span class='ocrx_word' id='word_1_143' title='bbox 1045 1833 1073 1897; x_wconf 91' lang='lat' dir='ltr'>si</span> <span class='ocrx_word' id='word_1_144' title='bbox 1097 1855 1195 1917; x_wconf 91' lang='lat' dir='ltr'>quem</span> 
     </span>
     <span class='ocr_line' id='line_1_19' title="bbox 184 1920 1196 2005; baseline -0.004 -13"><span class='ocrx_word' id='word_1_145' title='bbox 184 1948 261 1992; x_wconf 86' lang='lat' dir='ltr'>casu</span> <span class='ocrx_word' id='word_1_146' title='bbox 280 1925 416 1990; x_wconf 86' lang='lat' dir='ltr'>vidisset</span> <span class='ocrx_word' id='word_1_147' title='bbox 430 1924 544 1987; x_wconf 89' lang='lat' dir='ltr'>silvam</span> <span class='ocrx_word' id='word_1_148' title='bbox 559 1921 699 2003; x_wconf 85' lang='lat' dir='ltr'>caedere,</span> <span class='ocrx_word' id='word_1_149' title='bbox 718 1920 914 2005; x_wconf 90' lang='lat' dir='ltr'>prohiberet,</span> <span class='ocrx_word' id='word_1_150' title='bbox 934 1921 988 1986; x_wconf 91' lang='lat' dir='ltr'>sed</span> <span class='ocrx_word' id='word_1_151' title='bbox 1003 1923 1050 1986; x_wconf 91' lang='lat' dir='ltr'>uti</span> <span class='ocrx_word' id='word_1_152' title='bbox 1065 1927 1196 1988; x_wconf 89' lang='lat' dir='ltr'>curaret</span> 
     </span>
     <span class='ocr_line' id='line_1_20' title="bbox 185 2010 849 2096; baseline -0.012 -16"><span class='ocrx_word' id='word_1_153' title='bbox 185 2019 217 2080; x_wconf 90' lang='grc'>61</span> <span class='ocrx_word' id='word_1_154' title='bbox 241 2015 332 2080; x_wconf 83' lang='grc'><strong>16161</strong></span> <span class='ocrx_word' id='word_1_155' title='bbox 356 2034 500 2096; x_wconf 90' lang='lat' dir='ltr'>operam,</span> <span class='ocrx_word' id='word_1_156' title='bbox 523 2032 563 2074; x_wconf 91' lang='lat' dir='ltr'>ne</span> <span class='ocrx_word' id='word_1_157' title='bbox 587 2010 657 2092; x_wconf 91' lang='lat' dir='ltr'>quis</span> <span class='ocrx_word' id='word_1_158' title='bbox 681 2010 849 2074; x_wconf 73' lang='lat' dir='ltr'>caederes</span> 
     </span>
    </p>
   </div>
   <div class='ocr_carea' id='block_1_8' title="bbox 463 2213 917 2416">
    <p class='ocr_par' dir='ltr' id='par_1_8' title="bbox 463 2213 917 2416">
     <span class='ocr_line' id='line_1_21' title="bbox 463 2213 917 2279; baseline 0.007 -3"><span class='ocrx_word' id='word_1_159' title='bbox 463 2213 563 2276; x_wconf 75' lang='lat' dir='ltr'>Libri</span> <span class='ocrx_word' id='word_1_160' title='bbox 587 2217 917 2279; x_wconf 74' lang='lat' dir='ltr'>xxxv-xxxma.</span> 
     </span>
     <span class='ocr_line' id='line_1_22' title="bbox 532 2333 773 2416; baseline 0.008 -16"><span class='ocrx_word' id='word_1_161' title='bbox 532 2333 535 2342; x_wconf 89' lang='lat'>&#39;</span> <span class='ocrx_word' id='word_1_162' title='bbox 608 2344 655 2401; x_wconf 78' lang='lat' dir='ltr'>ne</span> <span class='ocrx_word' id='word_1_163' title='bbox 678 2345 773 2416; x_wconf 73' lang='lat' dir='ltr'>forto.</span> 
     </span>
    </p>
   </div>
   <div class='ocr_carea' id='block_1_9' title="bbox 185 2461 1196 2813">
    <p class='ocr_par' dir='ltr' id='par_1_9' title="bbox 185 2461 1196 2813">
     <span class='ocr_line' id='line_1_23' title="bbox 264 2461 1196 2547; baseline 0.001 -19"><span class='ocrx_word' id='word_1_164' title='bbox 264 2463 347 2528; x_wconf 86' lang='grc'><strong>-103,</strong></span> <span class='ocrx_word' id='word_1_165' title='bbox 376 2461 414 2526; x_wconf 93' lang='lat' dir='ltr'>D.</span> <span class='ocrx_word' id='word_1_166' title='bbox 433 2463 485 2545; x_wconf 78' lang='lat'>47,</span> <span class='ocrx_word' id='word_1_167' title='bbox 504 2461 605 2544; x_wconf 58' lang='grc'><strong>158.</strong></span> <span class='ocrx_word' id='word_1_168' title='bbox 639 2462 774 2526; x_wconf 87' lang='lat' dir='ltr'>Alfenus</span> <span class='ocrx_word' id='word_1_169' title='bbox 796 2462 880 2528; x_wconf 92' lang='lat' dir='ltr'>libro</span> <span class='ocrx_word' id='word_1_170' title='bbox 904 2465 1018 2547; x_wconf 86' lang='lat' dir='ltr'>quarto</span> <span class='ocrx_word' id='word_1_171' title='bbox 1042 2461 1196 2547; x_wconf 81' lang='lat' dir='ltr'>Digesto·</span> 
     </span>
     <span class='ocr_line' id='line_1_24' title="bbox 185 2549 1195 2638; baseline 0 -20"><span class='ocrx_word' id='word_1_172' title='bbox 185 2577 255 2618; x_wconf 92' lang='lat' dir='ltr'>rum</span> <span class='ocrx_word' id='word_1_173' title='bbox 280 2575 300 2618; x_wconf 89' lang='lat' dir='ltr'>a</span> <span class='ocrx_word' id='word_1_174' title='bbox 318 2552 420 2617; x_wconf 91' lang='lat' dir='ltr'>Paulo</span> <span class='ocrx_word' id='word_1_175' title='bbox 444 2553 693 2636; x_wconf 87' lang='lat' dir='ltr'>epitomatorum</span> <span class='ocrx_word' id='word_1_176' title='bbox 713 2549 842 2638; x_wconf 68' lang='grc'><strong>(661).</strong></span> <span class='ocrx_word' id='word_1_177' title='bbox 884 2550 918 2616; x_wconf 85' lang='lat' dir='ltr'>Si</span> <span class='ocrx_word' id='word_1_178' title='bbox 942 2555 1046 2616; x_wconf 84' lang='lat' dir='ltr'>cretae</span> <span class='ocrx_word' id='word_1_179' title='bbox 1065 2551 1195 2618; x_wconf 88' lang='lat' dir='ltr'>fodiun-</span> 
     </span>
     <span class='ocr_line' id='line_1_25' title="bbox 186 2640 1194 2725; baseline -0.002 -18"><span class='ocrx_word' id='word_1_180' title='bbox 186 2644 244 2708; x_wconf 90' lang='lat' dir='ltr'>dae</span> <span class='ocrx_word' id='word_1_181' title='bbox 272 2664 369 2707; x_wconf 86' lang='lat' dir='ltr'>causa</span> <span class='ocrx_word' id='word_1_182' title='bbox 395 2663 525 2725; x_wconf 89' lang='lat' dir='ltr'>specum</span> <span class='ocrx_word' id='word_1_183' title='bbox 549 2641 621 2724; x_wconf 89' lang='lat' dir='ltr'>quis</span> <span class='ocrx_word' id='word_1_184' title='bbox 643 2640 775 2705; x_wconf 85' lang='lat' dir='ltr'>fecisset</span> <span class='ocrx_word' id='word_1_185' title='bbox 797 2645 829 2703; x_wconf 89' lang='lat' dir='ltr'>et</span> <span class='ocrx_word' id='word_1_186' title='bbox 852 2645 972 2704; x_wconf 88' lang='lat' dir='ltr'>cretam</span> <span class='ocrx_word' id='word_1_187' title='bbox 996 2640 1194 2724; x_wconf 86' lang='lat' dir='ltr'>abstulisset,</span> 
     </span>
     <span class='ocr_line' id='line_1_26' title="bbox 186 2728 1142 2813; baseline -0.002 -17"><span class='ocrx_word' id='word_1_188' title='bbox 186 2733 284 2798; x_wconf 84' lang='lat' dir='ltr'>furem</span> <span class='ocrx_word' id='word_1_189' title='bbox 308 2751 385 2813; x_wconf 89' lang='lat' dir='ltr'>esse,</span> <span class='ocrx_word' id='word_1_190' title='bbox 408 2753 474 2795; x_wconf 93' lang='lat' dir='ltr'>non</span> <span class='ocrx_word' id='word_1_191' title='bbox 497 2728 572 2813; x_wconf 87' lang='lat' dir='ltr'>quia</span> <span class='ocrx_word' id='word_1_192' title='bbox 595 2729 743 2812; x_wconf 87' lang='lat' dir='ltr'>fodisset,</span> <span class='ocrx_word' id='word_1_193' title='bbox 766 2729 821 2793; x_wconf 90' lang='lat' dir='ltr'>sed</span> <span class='ocrx_word' id='word_1_194' title='bbox 845 2730 920 2812; x_wconf 92' lang='lat' dir='ltr'>quia</span> <span class='ocrx_word' id='word_1_195' title='bbox 943 2729 1142 2794; x_wconf 86' lang='lat' dir='ltr'>abstulisset.</span> 
     </span>
    </p>
   </div>
   <div class='ocr_carea' id='block_1_10' title="bbox 274 2841 692 2916">
    <p class='ocr_par' dir='ltr' id='par_1_10' title="bbox 274 2841 692 2916">
     <span class='ocr_line' id='line_1_27' title="bbox 274 2841 692 2916; baseline -0.005 -15"><span class='ocrx_word' id='word_1_196' title='bbox 274 2843 310 2901; x_wconf 88' lang='lat' dir='ltr'>cf.</span> <span class='ocrx_word' id='word_1_197' title='bbox 334 2841 431 2901; x_wconf 78' lang='lat' dir='ltr'>Ser-vii</span> <span class='ocrx_word' id='word_1_198' title='bbox 453 2859 595 2916; x_wconf 84' lang='lat' dir='ltr'>responsa</span> <span class='ocrx_word' id='word_1_199' title='bbox 621 2843 692 2900; x_wconf 83' lang='lat'><strong>134.</strong></span> 
     </span>
    </p>
   </div>
   <div class='ocr_carea' id='block_1_11' title="bbox 562 3001 820 3056">
    <p class='ocr_par' dir='ltr' id='par_1_11' title="bbox 562 3001 820 3056">
     <span class='ocr_line' id='line_1_28' title="bbox 562 3001 820 3056; baseline 0.004 -1"><span class='ocrx_word' id='word_1_200' title='bbox 562 3001 607 3055; x_wconf 85' lang='lat' dir='ltr'>Dc</span> <span class='ocrx_word' id='word_1_201' title='bbox 623 3017 702 3055; x_wconf 79' lang='lat' dir='ltr'>onere</span> <span class='ocrx_word' id='word_1_202' title='bbox 719 3017 820 3056; x_wconf 81' lang='lat' dir='ltr'>averso.</span> 
     </span>
    </p>
   </div>
   <div class='ocr_carea' id='block_1_12' title="bbox 187 3098 1196 3630">
    <p class='ocr_par' dir='ltr' id='par_1_12' title="bbox 187 3098 1196 3630">
     <span class='ocr_line' id='line_1_29' title="bbox 278 3098 1195 3188; baseline 0.005 -24"><span class='ocrx_word' id='word_1_203' title='bbox 278 3101 349 3166; x_wconf 85' lang='lat'>104.</span> <span class='ocrx_word' id='word_1_204' title='bbox 377 3100 417 3166; x_wconf 93' lang='lat' dir='ltr'>D.</span> <span class='ocrx_word' id='word_1_205' title='bbox 437 3100 491 3181; x_wconf 93' lang='grc'>19,</span> <span class='ocrx_word' id='word_1_206' title='bbox 510 3101 545 3183; x_wconf 80' lang='lat'>2,</span> <span class='ocrx_word' id='word_1_207' title='bbox 563 3102 615 3166; x_wconf 89' lang='grc'>31.</span> <span class='ocrx_word' id='word_1_208' title='bbox 656 3099 744 3164; x_wconf 91' lang='lat' dir='ltr'>Idem</span> <span class='ocrx_word' id='word_1_209' title='bbox 773 3098 938 3186; x_wconf 74' lang='lat' dir='ltr'>(Alfenus)</span> <span class='ocrx_word' id='word_1_210' title='bbox 967 3101 1051 3167; x_wconf 90' lang='lat' dir='ltr'>libro</span> <span class='ocrx_word' id='word_1_211' title='bbox 1080 3105 1195 3188; x_wconf 86' lang='lat' dir='ltr'>quinto</span> 
     </span>
     <span class='ocr_line' id='line_1_30' title="bbox 187 3187 1195 3277; baseline 0.002 -21"><span class='ocrx_word' id='word_1_212' title='bbox 187 3191 395 3277; x_wconf 84' lang='lat' dir='ltr'>Digestorum</span> <span class='ocrx_word' id='word_1_213' title='bbox 420 3212 439 3253; x_wconf 90' lang='lat' dir='ltr'>a</span> <span class='ocrx_word' id='word_1_214' title='bbox 457 3189 557 3254; x_wconf 90' lang='lat' dir='ltr'>Paulo</span> <span class='ocrx_word' id='word_1_215' title='bbox 576 3189 825 3272; x_wconf 87' lang='lat' dir='ltr'>epitomatorum</span> <span class='ocrx_word' id='word_1_216' title='bbox 845 3187 892 3276; x_wconf 84' lang='lat' dir='ltr'>(P.</span> <span class='ocrx_word' id='word_1_217' title='bbox 914 3189 980 3276; x_wconf 76' lang='lat'>71).</span> <span class='ocrx_word' id='word_1_218' title='bbox 1019 3190 1057 3255; x_wconf 91' lang='lat' dir='ltr'>In</span> <span class='ocrx_word' id='word_1_219' title='bbox 1076 3213 1195 3258; x_wconf 82' lang='lat' dir='ltr'>navem</span> 
     </span>
     <span class='ocr_line' id='line_1_31' title="bbox 188 3278 1195 3365; baseline 0.003 -20"><span class='ocrx_word' id='word_1_220' title='bbox 188 3280 308 3346; x_wconf 81' lang='lat' dir='ltr'>Saufeii</span> <span class='ocrx_word' id='word_1_221' title='bbox 322 3301 393 3344; x_wconf 92' lang='lat' dir='ltr'>oum</span> <span class='ocrx_word' id='word_1_222' title='bbox 409 3279 587 3362; x_wconf 90' lang='lat' dir='ltr'>complures</span> <span class='ocrx_word' id='word_1_223' title='bbox 598 3278 794 3343; x_wconf 88' lang='lat' dir='ltr'>frumentum</span> <span class='ocrx_word' id='word_1_224' title='bbox 808 3279 1030 3365; x_wconf 84' lang='lat' dir='ltr'>confuderant,</span> <span class='ocrx_word' id='word_1_225' title='bbox 1045 3279 1195 3348; x_wconf 84' lang='lat' dir='ltr'>Saufeius</span> 
     </span>
     <span class='ocr_line' id='line_1_32' title="bbox 187 3366 1195 3436; baseline 0.004 -4"><span class='ocrx_word' id='word_1_226' title='bbox 187 3370 245 3434; x_wconf 91' lang='lat' dir='ltr'>uni</span> <span class='ocrx_word' id='word_1_227' title='bbox 267 3391 306 3432; x_wconf 83' lang='lat' dir='ltr'>ex</span> <span class='ocrx_word' id='word_1_228' title='bbox 326 3369 376 3432; x_wconf 91' lang='lat' dir='ltr'>his</span> <span class='ocrx_word' id='word_1_229' title='bbox 394 3367 591 3432; x_wconf 86' lang='lat' dir='ltr'>frumentum</span> <span class='ocrx_word' id='word_1_230' title='bbox 610 3366 792 3432; x_wconf 88' lang='lat' dir='ltr'>reddiderat</span> <span class='ocrx_word' id='word_1_231' title='bbox 811 3368 850 3432; x_wconf 94' lang='grc'>16</span> <span class='ocrx_word' id='word_1_232' title='bbox 869 3371 1032 3432; x_wconf 90' lang='lat' dir='ltr'>communi</span> <span class='ocrx_word' id='word_1_233' title='bbox 1051 3374 1084 3433; x_wconf 92' lang='lat' dir='ltr'>et</span> <span class='ocrx_word' id='word_1_234' title='bbox 1102 3372 1195 3436; x_wconf 84' lang='lat' dir='ltr'>navis</span> 
     </span>
     <span class='ocr_line' id='line_1_33' title="bbox 188 3457 1195 3540; baseline 0.004 -20"><span class='ocrx_word' id='word_1_235' title='bbox 188 3459 342 3538; x_wconf 89' lang='lat' dir='ltr'>perierat:</span> <span class='ocrx_word' id='word_1_236' title='bbox 372 3458 552 3540; x_wconf 89' lang='lat' dir='ltr'>quaesitum</span> <span class='ocrx_word' id='word_1_237' title='bbox 576 3460 638 3540; x_wconf 89' lang='lat' dir='ltr'>est,</span> <span class='ocrx_word' id='word_1_238' title='bbox 666 3478 705 3519; x_wconf 88' lang='lat' dir='ltr'>au</span> <span class='ocrx_word' id='word_1_239' title='bbox 730 3457 829 3522; x_wconf 89' lang='lat' dir='ltr'>ceteri</span> <span class='ocrx_word' id='word_1_240' title='bbox 850 3477 909 3538; x_wconf 92' lang='lat' dir='ltr'>pro</span> <span class='ocrx_word' id='word_1_241' title='bbox 934 3478 992 3520; x_wconf 90' lang='lat' dir='ltr'>sua</span> <span class='ocrx_word' id='word_1_242' title='bbox 1015 3463 1107 3540; x_wconf 87' lang='lat' dir='ltr'>parte</span> <span class='ocrx_word' id='word_1_243' title='bbox 1131 3461 1195 3524; x_wconf 88' lang='lat' dir='ltr'>fru-</span> 
     </span>
     <span class='ocr_line' id='line_1_34' title="bbox 188 3545 1196 3630; baseline 0.006 -23"><span class='ocrx_word' id='word_1_244' title='bbox 188 3546 289 3608; x_wconf 93' lang='lat' dir='ltr'>menti</span> <span class='ocrx_word' id='word_1_245' title='bbox 312 3567 384 3609; x_wconf 90' lang='lat' dir='ltr'>eum</span> <span class='ocrx_word' id='word_1_246' title='bbox 408 3549 508 3610; x_wconf 88' lang='lat' dir='ltr'>nauta</span> <span class='ocrx_word' id='word_1_247' title='bbox 531 3566 627 3630; x_wconf 84' lang='lat' dir='ltr'>agere</span> <span class='ocrx_word' id='word_1_248' title='bbox 650 3550 786 3629; x_wconf 88' lang='lat' dir='ltr'>possunt</span> <span class='ocrx_word' id='word_1_249' title='bbox 809 3545 913 3610; x_wconf 90' lang='lat' dir='ltr'>oneris</span> <span class='ocrx_word' id='word_1_250' title='bbox 935 3546 1041 3610; x_wconf 84' lang='lat' dir='ltr'>aversi</span> <span class='ocrx_word' id='word_1_251' title='bbox 1061 3548 1196 3613; x_wconf 88' lang='lat' dir='ltr'>actione.</span> 
     </span>
    </p>
   </div>
   <div class='ocr_carea' id='block_1_13' title="bbox 0 0 1314 3910">
    <p class='ocr_par' dir='ltr' id='par_1_13' title="bbox 0 0 1314 3910">
     <span class='ocr_line' id='line_1_35' title="bbox 0 0 1314 3910; baseline 0 0"><span class='ocrx_word' id='word_1_252' title='bbox 0 0 1314 3910; x_wconf 95' lang='lat' dir='ltr'> </span> 
     </span>
    </p>
   </div>
  </div>
 </body>
</html>
