2598 3910
1278 29 1280 94 Ι

178 195 244 261 250
283 195 340 250 VH.
363 192 497 250 OCTAVI
517 191 616 248 SAEG.
629 192 727 248 IURIS
742 191 913 248 CONSULT.
929 192 1006 248 SER.
1021 193 1195 250 SECUNDA
1279 193 1280 196 ’

609 369 756 426 ‘Sacrum’

272 474 320 536 14.
343 472 428 538 Fest.
447 473 521 538 319.
548 507 586 518 -
612 470 725 536 Gallus
746 471 858 536 Aelius
883 472 938 552 ait,
962 493 1090 536 sacrum
1111 495 1194 558 esse,

92 596 95 602 ·
180 561 393 646 quodeunque
412 583 501 626 more
521 566 617 646 atque
636 561 788 624 instituto
807 559 948 625 civitatis
968 565 1193 626 consecratum

179 655 236 735 sit,
266 652 333 714 sive
362 651 450 714 aedis
479 651 547 714 sive
576 672 632 713 ara
656 649 723 712 sive
751 649 880 734 signum
909 649 975 714 sive
1004 651 1095 714 loeus
1124 652 1195 716 sive

179 739 313 824 pecunia
342 739 410 804 sive
439 739 515 823 quid
543 737 643 816 aliud,
675 738 759 821 quod
791 738 853 802 diis
882 737 1064 803 dedicatum
1094 745 1195 824 atque

179 832 403 893 consecratum
435 829 491 911 sit3
523 827 608 912 quod
636 832 743 890 autem
771 825 888 906 privati
917 847 994 892 suae
1022 829 1193 913 religionis

180 939 276 982 eausa
299 916 421 1000 aliquid
446 937 556 980 earum
579 937 686 980 rerum
709 916 768 980 deo
789 915 943 1000 dedicent,
965 915 999 980 id
1017 917 1193 1000 pontifices

180 1005 345 1070 Romanos
378 1027 444 1069 non
476 1004 661 1068 existimare
694 1025 828 1068 sacrum.
879 1009 914 1068 at
946 1005 974 1068 si
1007 1027 1072 1089 qua
1100 1028 1196 1072 saara

181 1096 309 1178 privata
341 1097 491 1180 suseepta
523 1097 611 1175 sunt,
645 1113 725 1176 quae
755 1115 793 1156 ex
821 1093 971 1158 instituto
999 1094 1195 1178 pontificum

180 1186 304 1247 statuto
337 1181 388 1246 die
421 1187 478 1247 aut
509 1185 597 1248 certo
629 1182 701 1246 loco
733 1179 882 1246 facienda
915 1183 995 1266 sint,
1028 1203 1067 1247 ea
1100 1205 1196 1249 saera

180 1271 338 1359 appellari
360 1277 516 1356 tanquam
540 1271 706 1336 sacrificia.
747 1270 815 1351 [ille
839 1271 939 1353 loeus,
962 1271 1019 1336 ubi
1038 1275 1081 1336 ‘ea
1101 1293 1197 1338 saera

180 1361 308 1445 privata
330 1360 476 1424 facienda
500 1364 592 1446 sunt,
615 1361 668 1423 vix
689 1358 817 1451 videtur
840 1381 930 1424 sacer
953 1361 1046 1442 ease]

620 1534 747 1589 ‘Saltua’

270 1635 321 1700 15.
350 1634 435 1700 Fest.
459 1635 534 1701 302.
559 1670 597 1680 -
623 1633 749 1698 Saltum
773 1632 887 1698 Gallus
912 1633 1024 1698 Aelius
1048 1635 1134 1700 libro
1159 1635 1195 1700 ΙΙ

181 1724 469 1810 significationum,
506 1745 587 1808 quae
620 1723 661 1788 ad
692 1724 742 1786 ius
774 1723 951 1806 pertinent,
983 1723 1030 1788 ita
1062 1724 1195 1790 definit:
1278 1781 1280 1806 ξ

179 1815 278 1880 sullus
304 1818 360 1896 est,
388 1814 441 1878 ubu'
467 1815 563 1880 siluae
589 1817 617 1876 et
637 1812 796 1894 pastiones
821 1817 908 1896 suut,
934 1833 1069 1894 quarum
1097 1834 1197 1879 uulua
1278 1813 1280 1880 Ξ

178 1922 268 1968 casae
299 1923 431 1984 quaqua
462 1903 493 1967 su‘
523 1921 585 1982 qua
612 1900 771 1982 particula
801 1901 836 1965 iu
863 1921 896 1966 eu
922 1901 1007 1966 saltu
1028 1907 1197 1986 pastorum
1278 1889 1280 1978 l

180 1997 237 2056 aut
262 1993 420 2056 custodum
447 2010 542 2055 eausa
564 1994 687 2066 uratur,
719 2009 756 2053 ea
777 2009 827 2054 res
848 2010 912 2054 uou
928 1992 1060 2072 peremit
1081 2012 1197 2056 uomere
1278 2035 1280 2052 .

179 2081 292 2164 sullus,
315 2100 378 2142 uou
400 2079 500 2161 mauis
521 2098 617 2160 quam
636 2077 743 2160 fundi,
765 2079 821 2159 qui
842 2083 888 2144 est
908 2081 943 2144 iu
966 2099 1040 2162 uyro
1063 2081 1143 2145 auito
1166 2085 1198 2145 et
1278 2059 1280 2138 Ι

180 2167 500 2320 ῗξιῖθιεειξῗῑὲωὴαόπ
530 2167 718 2251 aedificium,
753 2169 782 2232 si
812 2189 875 2248 qua
899 2169 1061 2252 particula
1092 2171 1128 2233 iu
1159 2190 1195 2234 eo

602 2349 767 2406 ‘Sanctum’
1278 2343 1280 2452 2

271 2451 321 2516 16.
344 2449 519 2515 11111317.
537 2487 575 2496 -
592 2447 744 2516 Sanctum
763 2449 831 2534 <ait
848 2451 911 2516 diei
926 2450 1052 2534 Opilius
1068 2451 1196 2536 Aure>·

181 2539 254 2622 lius,
274 2540 359 2625 quod
378 2537 458 2623 <nea
477 2561 604 2605 sacrum
625 2539 668 2605 sit
686 2562 745 2604 nea
764 2540 984 2624 religiosum>⁶
1025 2545 1060 2606 at
1078 2541 1193 2606 Aelius

179 2628 330 2712 (Gallus,
363 2629 448 2714 quod
476 2632 648 2714 utrumque
676 2629 768 2712 esse>
802 2629 948 2694 videatur
980 2629 1036 2713 <et
1064 2653 1194 2696 sacrum

181 2725 214 2782 et
236 2719 456 2804 religiosum>.

536 2821 665 2877 ‘Senatus
683 2822 837 2877 decadum!

271 2922 321 2986 17.
348 2920 435 2986 Fest.
459 2921 534 2985 339.
564 2956 602 2968 ·—
635 2918 775 2987 Senatus
803 2923 968 2987 decretum
996 2945 1016 2987 a
1043 2925 1192 2989 consulto

180 3007 292 3072 Aelius
321 3008 433 3072 Gallus
467 3009 513 3073 sie
542 3008 724 3094 distinguit,
757 3014 793 3074 ut
820 3011 853 3075 id
881 3010 968 3076 dieat
994 3012 1189 3095 particulam

181 3097 342 3180 quandam
379 3119 449 3161 esse
486 3100 619 3162 senatus
657 3099 810 3183 consulti,
846 3103 884 3164 ut
916 3121 989 3165 aum
1021 3101 1190 3185 provincia

182 3186 278 3251 alicui
312 3186 503 3250 decernitur.
555 3187 654 3271 [quod
681 3190 792 3252 tamen
819 3187 927 3274 ipsum
956 3195 1087 3255 senatus
1116 3212 1189 3256 eon-

107 3350 110 3355 ,
179 3275 259 3341 sulti
282 3277 356 3356 est]
588 3360 780 3432 ‘sepulerum’

272 3463 321 3527 18.
349 3459 436 3525 Fest.
460 3462 535 3526 339.
567 3497 610 3507 —
642 3460 821 3544 Sepulcrum
848 3467 902 3545 est,
934 3467 971 3527 ut
1000 3463 1047 3528 ait
1074 3462 1189 3530 Gallus

181 3549 302 3632 Aelius,
331 3550 413 3614 loeus
434 3551 469 3614 iu
492 3571 550 3631 quo
573 3556 712 3615 mortuus
733 3551 868 3633 sepultus
890 3556 942 3636 est,
964 3553 1046 3634 quod
1067 3553 1190 3635 antiqui
