2602 3912
171 182 214 247 56
251 181 298 238 IV.
320 180 466 237 SEPTIMI
484 179 583 238 SAEO.
597 179 692 236 IURIS
707 178 878 237 CONSULT.
893 179 1017 235 sufflas
1033 175 1177 234 ALTERA

170 350 289 428 scriptis
308 349 425 410 Mucius
447 369 602 428 nunquam
624 347 778 409 laudetur:
801 368 897 426 neque
915 349 946 407 in
966 347 1063 409 Servii
1079 367 1177 425 neque

168 440 201 498 in
224 436 306 499 Ofilii
328 457 424 516 neque
447 439 479 498 in
501 438 650 498 Labeonis
676 456 772 514 neque
794 437 827 498 in
848 437 1005 514 Pomponii
1027 455 1123 513 neque
1146 437 1178 496 in

170 527 238 588 Gaii
265 527 350 588 libris
376 527 541 605 invenitur,
570 529 694 604 excepta
719 519 872 586 ‘cautione
894 518 1058 604 Muciana',
1086 544 1178 603 quam

170 616 262 677 Gaius
294 616 386 676 etiem
417 617 449 676 in
480 616 564 676 libris
597 616 636 674 ad
667 615 799 675 edictum
826 614 1008 690 provinciale
1034 614 1177 675 nominat.

170 706 202 764 in
227 705 312 765 libris
336 706 374 764 ad
398 705 529 764 edietum
551 704 670 781 scriptis
694 703 727 774 Q.
745 703 880 764 Mucium
901 703 1003 782 primi,
1031 705 1179 780 quantum

173 794 311 874 cognosci
332 796 447 872 potest,
471 793 585 853 Paulus
609 795 640 852 et
661 791 809 868 Ulpianus
831 792 966 851 laudant.

594 914 753 922 ————-.

259 987 342 1059 Quae
370 987 406 1046 de
434 986 467 1058 Q.
490 986 590 1046 Mucio
617 987 793 1064 traduntur,
822 1005 858 1045 ex
884 986 922 1046 iis
949 986 1089 1063 ampliari
1111 1005 1179 1062 pos·

171 1081 250 1150 sunt,
270 1095 346 1154 quae
365 1075 546 1152 posteriores
565 1075 639 1135 iuris
658 1075 787 1136 consulti
803 1074 839 1134 de
854 1069 1031 1136 ‘veteribus'
1045 1075 1179 1136 tradunt.

170 1185 318 1242 quaenam
344 1169 482 1226 veterum
509 1165 674 1224 sententiae
696 1164 795 1224 Mucio
822 1163 950 1224 adscribi
977 1164 1027 1224 vel
1052 1164 1181 1224 debeant

170 1257 219 1315 vel
245 1255 375 1331 possint,
402 1273 417 1314 e
440 1253 615 1330 fragmentis
639 1253 727 1313 certia
750 1253 845 1313 conici
867 1253 951 1328 licet3
979 1253 1083 1330 itaque
1105 1254 1181 1313 haec

170 1361 218 1404 res
248 1345 280 1403 in
306 1343 433 1420 singulis
461 1341 639 1418 fragmentis
666 1342 854 1418 explorandis
882 1341 1097 1402 consideranda
1125 1346 1180 1403 est.

551 1554 575 1614 I.
607 1555 800 1632 Responsa.

261 1679 294 1750 Q.
309 1681 442 1740 Mucium
456 1683 487 1738 et
505 1698 524 1738 a
541 1679 770 1757 magistratibus
789 1681 820 1738 et
838 1697 856 1738 a
874 1678 1000 1754 privatis
1013 1677 1181 1755 plurimum

172 1769 208 1829 de
231 1769 296 1829 iure
319 1769 440 1845 publico
463 1771 494 1828 et
516 1767 635 1844 privato
658 1767 830 1826 consultum
848 1767 941 1827 fnisse
959 1767 1107 1827 traditum
1126 1771 1180 1826 est.

172 1857 274 1918 Cicero
302 1857 339 1918 de
369 1861 443 1918 orat.
466 1860 496 1934 1,
511 1858 568 1932 45,
583 1858 647 1916 200
675 1849 734 1915 ‘est
762 1855 841 1915 enim
869 1857 931 1916 sine
959 1855 1050 1915 dubio
1074 1855 1180 1916 domus

171 1947 246 2008 iuris
269 1946 399 2007 consulti
416 1945 511 2006 totius
531 1945 687 2004 oraculum
705 1944 846 2005 civitatis.
883 1945 971 2004 testis
990 1947 1036 2004 est
1054 1945 1181 2004 huiusce

173 2034 207 2106 Q.
229 2034 323 2094 Mucii
344 2034 436 2093 ianua
459 2037 489 2092 et
510 2033 708 2109 vestibulum,
731 2034 812 2110 quod
835 2033 867 2092 in
890 2035 954 2093 eius
977 2033 1181 2094 infirmissima

171 2122 345 2184 valetudine
378 2122 542 2198 affectaque
573 2121 635 2180 iam
667 2124 766 2182 aetate
797 2121 927 2181 maxima
956 2121 1090 2199 quotidie
1123 2123 1181 2182 fre-

173 2211 296 2288 quentia
327 2210 439 2272 cirium
466 2228 501 2269 ac
529 2227 713 2270 summorum
739 2210 895 2270 hominum
922 2211 1078 2287 splendore
1104 2211 1180 2270 cele·

172 2293 299 2360 bratur?
332 2299 510 2376 quibusdem
530 2298 674 2360 derebus
694 2317 762 2358 eum
781 2299 901 2375 saepius
919 2303 950 2359 et
968 2318 1083 2376 semper
1101 2301 1181 2360 idem

172 2387 360 2466 respondisse
396 2387 533 2466 legimns.
588 2385 665 2448 Gall.
693 2390 726 2466 3,
745 2389 779 2464 2,
800 2389 840 2447 12
874 2381 919 2458 ‘Q
947 2387 1079 2448 Mucium
1115 2389 1181 2450 iure

173 2478 345 2537 consultum
363 2476 459 2538 dicere
478 2469 612 2537 solitum'
631 2479 662 2536 et
681 2497 708 2554 q.
723 2495 745 2536 s.
777 2475 958 2554 Pomponius
977 2477 1011 2538 D.
1026 2480 1077 2551 50,
1093 2479 1122 2552 7,
1139 2479 1179 2538 18

174 2563 218 2637 ‘Q
242 2566 360 2626 Mucius
383 2611 415 2626 ..
438 2566 545 2626 solitus
570 2567 616 2624 est
637 2559 837 2643 respondere'.
879 2566 916 2626 cf.
940 2558 1083 2625 ‘dicebat'
1106 2559 1182 2647 (Cic.

173 2656 209 2715 de
242 2656 290 2716 off.
318 2658 352 2732 3,
373 2658 427 2734 17,
447 2657 498 2716 30.
539 2654 636 2714 Varro
664 2655 701 2714 de
728 2655 747 2715 l
771 2654 791 2715 l.
815 2657 849 2733 5,
870 2657 924 2732 15,
944 2656 995 2715 83.
1035 2654 1121 2714 Paul.
1143 2655 1181 2714 D.

173 2747 226 2820 40,
247 2747 296 2822 13,
315 2747 356 2804 23
371 2739 441 2823 pu),
468 2737 592 2804 ‘aiebat'
615 2735 727 2824 (Varro
751 2743 787 2803 de
809 2744 829 2802 l.
853 2745 872 2802 l.
897 2746 925 2821 6,
944 2745 973 2818 4,
994 2735 1064 2824 30),
1088 2736 1182 2803 ‘affir-

173 2825 287 2892 mabat'
311 2827 455 2912 (Macrob.
474 2835 530 2893 sat.
552 2836 578 2909 1,
599 2824 730 2913 16,10),
753 2825 914 2909 ‘placebat'
934 2823 1054 2913 (Celsus
1073 2833 1109 2891 D.
1130 2835 1182 2911 18,

175 2925 207 2998 1,
227 2911 294 3002 59).
344 2920 376 2978 in
402 2919 554 2980 nonnullis
582 2919 673 2979 rebus
700 2939 810 2980 novam
831 2920 1110 2996 interpretationem
1128 2922 1182 2982 ¹rel

173 3009 344 3068 cautionem
367 3008 496 3068 admisit.
539 3005 607 3084 Ulp.
625 3008 663 3068 D.
683 3011 711 3086 7,
731 3009 760 3085 8,
779 3009 808 3067 4.
831 3012 863 3086 13
887 3010 938 3086 35,
959 3012 987 3088 1,
1008 3011 1036 3068 7.
1054 3030 1100 3086 pr.
1169 3061 1170 3068 ,

263 3095 296 3167 Q.
326 3097 418 3156 Mucii
449 3115 592 3174 responsa
622 3115 719 3173 pauca
749 3099 869 3157 unium
897 3101 980 3158 certa
1005 3099 1169 3158 traduntur

174 3204 243 3246 cum
266 3185 345 3245 enim
367 3185 459 3246 libros
483 3185 649 3263 scripserit,
673 3205 708 3245 ea
730 3204 807 3262 quae
829 3186 963 3246 Mucium
986 3187 1107 3268 dixisse,
1127 3207 1182 3247 ne-

173 3293 269 3354 gasse,
291 3277 421 3352 putasse,
442 3275 628 3335 existimasse
651 3292 785 3350 quaeque
809 3275 838 3335 ei
859 3275 1007 3352 placuisse
1031 3276 1184 3354 dicuntur,

174 3383 209 3424 ex
241 3364 326 3425 libris
359 3363 467 3424 hausta
499 3381 563 3424 esse
595 3366 730 3440 possunt.
780 3363 860 3423 inter
892 3367 974 3424 certa
1005 3368 1107 3424 autem
1136 3385 1180 3425 re-

174 3472 283 3531 sponsa
305 3453 512 3513 collocandum
534 3455 608 3530 puto
630 3452 666 3512 D.
689 3455 738 3532 19,
755 3449 782 3526 l,
797 3455 850 3530 40,
871 3471 939 3513 cum
962 3454 988 3514 is
1011 3454 1064 3532 qui
1087 3447 1181 3514 ‘vero-

174 3535 277 3604 batur’
299 3561 359 3604 non
382 3546 498 3620 emptor
516 3542 697 3618 consultans,
721 3542 773 3602 sed
791 3542 907 3602 Mucius
927 3543 967 3603 sit
985 3536 1183 3624 (verebatur,
