2588 3908
375 201 399 250 8.
427 193 578 251 SERVIUS
598 195 783 252 SULPICIUS
801 197 919 252 RUFUS
1088 199 1154 263 235

231 363 268 422 ci.
292 361 355 423 (iai.
376 365 405 439 4,
426 366 477 423 73.
519 357 609 441 <curn
632 366 733 423 autern
756 365 924 442 quaeritur,
952 369 1099 443 quantum
1122 368 1154 426 in

137 451 258 527 peculio
278 452 330 530 sit,
354 455 424 510 ante
447 447 628 531 de>ducitur
650 454 731 528 quod
754 454 836 530 patri
860 455 1016 514 dominove
1040 455 1153 532 quique

137 541 171 598 in
186 541 252 600 eius
265 543 416 616 potestate
435 541 484 618 sit,
504 561 522 599 a
539 541 601 600 filio
621 560 745 602 servova
764 543 891 602 debetur
910 553 941 602 et
955 542 1035 619 quod
1051 563 1154 620 super·

139 633 196 689 est.
242 629 297 690 hoe
321 631 419 689 solnm
443 631 595 706 peculium
618 648 681 689 esse
705 631 896 708 intelligitur.

139 798 279 870 [XVIII.
307 800 351 855 De
374 801 460 854 bonae
482 799 547 867 {idei
570 801 761 856 contractibus.
799 805 825 854 1.
847 801 964 870 depositi
986 801 1027 856 oet
1050 808 1155 857 contra.

138 882 223 936 2-7.
242 880 361 946 fiduciae
378 881 420 935 vet
438 886 544 948 contra,
560 879 689 934 mandati
706 881 747 934 oet
765 885 874 946 contra,
890 897 944 949 pro
961 883 1049 949 socio,
1073 883 1156 951 empti

342 961 462 1028 venditi,
480 961 564 1014 iocati
581 960 723 1026 conducti,
741 961 774 1015 dc
792 960 955 1031 aestimato]

231 1069 260 1134 9.
294 1068 332 1132 D.
354 1068 457 1147 15,1,
479 1069 529 1133 17.
570 1069 731 1154 Ulpianus
755 1069 840 1134 libro
865 1069 1040 1134 vicensimo
1065 1093 1151 1136 nono

138 1157 181 1222 ad
205 1157 345 1222 edictum
369 1154 418 1244 (P.
438 1155 548 1243 852⁸).
594 1156 628 1222 si
652 1179 764 1222 servus
787 1180 878 1222 meus
902 1159 1083 1224 ordinarius
1106 1161 1155 1224 vi-

139 1246 246 1311 carios
263 1246 395 1332 habeat,
417 1247 450 1310 id
469 1247 554 1331 quod
572 1246 685 1311 vicarii
702 1247 784 1310 mihi
807 1247 925 1311 debent
942 1270 984 1312 an
999 1247 1153 1312 deducam

138 1358 180 1400 ex
203 1336 328 1419 peculio
352 1336 437 1400 servi
461 1335 711 1400 ordinarii?
735 1335 768 1400 id
793 1385 821 1400 ..
845 1336 931 1420 quod
954 1338 1033 1420 ipsis
1058 1337 1155 1402 debet

139 1423 325 1489 ordinarius
350 1446 475 1502 servus,
502 1446 567 1489 non
591 1423 765 1490 deducetur
787 1423 826 1488 de
849 1425 974 1507 peculio
998 1425 1154 1490 ordinarii

140 1513 240 1595 servi,
268 1513 344 1598 quia
370 1512 533 1598 peculium
560 1535 671 1577 eorum
701 1513 736 1576 in
758 1513 886 1597 peculio
909 1514 1012 1598 ipsius
1036 1519 1098 1599 est3
1122 1519 1155 1578 et

139 1600 188 1666 ita
212 1601 343 1668 Servius
366 1602 543 1685 respondit.

229 1712 295 1772 Hoc
318 1732 437 1791 quoque
461 1732 638 1788 responsum
661 1713 858 1789 repetendum
881 1732 946 1773 esse
969 1715 1085 1789 putavi.

399 1865 533 1936 [XXIII
533 1907 539 1920 .
567 1866 611 1920 De
628 1866 690 1920 iure
702 1865 893 1936 potronatus]

232 1967 282 2030 10.
314 1964 353 2032 D.
377 1966 434 2049 38,
457 1967 491 2044 2,
516 1966 544 2032 1.
590 1964 747 2050 Ulpianus
772 1965 857 2030 libro
881 1965 1153 2051 quadragensimo

138 2055 281 2121 secundo
310 2055 351 2118 ad
379 2055 519 2119 edictum
548 2051 599 2140 (P.
623 2051 732 2142 1149).
872 2053 1003 2120 Servius
1032 2055 1154 2136 scribit,

139 2148 237 2210 antea
259 2143 348 2208 soliti
370 2143 502 2208 fuerunt
525 2141 584 2230 (sc.
602 2140 748 2230 patroni)
771 2167 791 2208 a
813 2145 940 2209 libertis
963 2143 1153 2208 durissimas

138 2256 192 2298 res
216 2233 343 2317 exigere
435 2231 560 2316 primus
584 2237 715 2316 praetor
737 2232 880 2298 Rutilius
899 2233 1007 2311 edixit,
1031 2255 1065 2297 se
1084 2256 1154 2297 am-

138 2323 226 2408 plius
248 2343 314 2390 non
338 2320 488 2386 daturum
512 2325 650 2404 patrono
679 2343 776 2406 quarn
800 2344 971 2407 operarum
1000 2327 1032 2386 et
1055 2321 1153 2387 socic-

138 2411 219 2476 tatis
244 2410 417 2490 actionem,
441 2410 603 2494 videlicet,
627 2410 656 2474 si
677 2410 740 2475 hoc
763 2411 955 2494 pepigisset,
978 2415 1014 2474 ut
1036 2411 1101 2475 nisi
1125 2411 1155 2476 ei

139 2499 332 2584 obsequium
355 2503 539 2582 praestaret
561 2499 707 2576 libertus,
732 2499 766 2562 in
790 2501 979 2564 societatem
1002 2499 1155 2564 admitte-

139 2593 230 2654 retur
252 2592 422 2674 patronus.

140 2745 278 2817 [XXIV.
306 2745 350 2799 De
368 2746 500 2800 bonorum
515 2742 738 2812 possessionibus.
775 2742 811 2796 A.
832 2744 858 2798 ei
875 2743 986 2798 tabulae
1004 2746 1157 2799 testamenti

138 2827 282 2880 extabunt.
311 2831 335 2880 6.
354 2826 387 2880 de
400 2831 491 2880 ventre
504 2825 536 2878 ia
544 2822 740 2893 possessiouem
753 2824 883 2878 mittendo
897 2828 923 2878 et
936 2827 1061 2878 curatore
1074 2826 1153 2897 eius]

232 2936 283 2999 11.
311 2934 351 2999 D.
366 2935 418 3016 37,
432 2934 463 3018 9,
482 2936 510 3016 1,
524 2933 577 2998 24.
611 2930 774 3016 Ulpianus
797 2932 882 2998 libro
906 2934 1155 3020 quadragesimo
1277 2917 1279 2970 1

140 3024 247 3109 primo
272 3024 311 3087 ad
335 3022 473 3088 edictum
497 3020 548 3110 (P.
569 3018 679 3108 1135).
720 3020 842 3098 Quodsi
868 3023 1012 3087 nondum
1036 3024 1079 3088 sit
1102 3047 1154 3090 ou·

140 3116 232 3176 rator
260 3113 380 3177 constit
403 3115 468 3194 tus,
574 3107 703 3176 Servius
721 3111 841 3176 -aiebat
865 3133 917 3176 res
940 3112 1155 3178 hereditarias

141 3201 292 3266 heredem
324 3200 511 3266 institutum
544 3200 596 3264 vel
634 3199 847 3264 substitutum
880 3201 1054 3286 obsignare
1088 3223 1155 3266 non
1266 3204 1271 3215 '

141 3290 268 3375 debere,
291 3289 347 3354 sed
369 3293 498 3354 tantum
520 3310 749 3373 pernumerare
773 3293 806 3352 et
829 3289 957 3353 mulieri
976 3289 1155 3373 adsignare.

150 3435 152 3442 .
233 3377 463 3444 12.1bid.25.
503 3377 665 3461 Ulpianus
688 3378 709 3442 l.
729 3399 754 3442 c.
774 3373 824 3464 (P.
844 3374 954 3463 1135).
995 3376 1085 3441 idem
1110 3379 1157 3443 ait
1266 3414 1269 3423 ·

143 3467 184 3532 ad
226 3467 435 3533 custodienda
476 3489 514 3531 ea
552 3487 633 3550 quae
671 3466 739 3531 sine
776 3466 921 3530 custodia
958 3465 1049 3530 salva
1085 3488 1156 3532 esse

143 3577 207 3621 non
235 3560 385 3641 possunt,
413 3555 579 3622 custodem
607 3555 648 3619 ab
673 3553 789 3618 herede
810 3554 1010 3638 ponendum,
1037 3558 1154 3638 utputa

1236 3522 1262 3554 ,Ι
