2598 3910
422 144 444 190 1.
462 135 498 202 r.
513 136 680 192 suranus
700 137 819 192 vasus
1060 136 1125 200 283

115 303 273 381 pecuniam
298 322 383 364 suam
407 305 625 380 consumpsisse
638 297 701 386 (Ι).
723 296 1037 383 11,3,1‚6)a1iaqu0.
1079 324 1126 364 ae-

115 394 205 470 oedit,
228 393 307 470 quod
331 413 389 452 uno
413 395 530 453 tantum
554 413 697 469 responso
722 393 757 478 de
781 394 889 470 legatis
908 393 998 452 rebus
1018 393 1126 469 agitur,
1205 441 1206 444 ,

114 502 184 542 cum
217 481 314 541 Servii
350 499 492 556 responsa
528 482 564 540 de
601 483 710 560 legatis
742 482 813 540 data
845 482 975 557 plurima
1006 483 1126 541 fuerint.

115 565 714 648 of.Servium9-53(p.170-184).
755 571 883 630 fortasse
906 589 966 630 non
990 589 1060 629 casu
1083 571 1127 646 fit,

115 661 196 737 quod
214 677 392 734 responsum
409 660 486 717 illud
504 659 541 718 de
559 661 648 719 rebus
667 660 775 736 legatis
794 661 832 718 ad
849 659 999 734 mancipia
1014 659 1138 719 urbana

113 749 267 824 pertineat
290 739 337 827 (D.
355 751 405 820 32,
422 751 471 819 60,
489 741 530 827 1).

204 836 347 895 Alfenum
384 855 527 913 responsa
564 855 619 895 sua
656 838 755 896 omnia
791 837 822 895 in
854 837 947 894 libros
980 837 1126 912 recepisse

113 926 310 984 manifestum
334 917 394 984 est:
417 945 477 984 non
500 925 579 984 enim
602 926 661 984 nisi
684 945 719 984 ex
737 927 832 1001 ipsius
850 924 936 984 libris
955 925 1126 987 laudantur.

112 1015 208 1073 nihilo
231 1014 331 1072 minus
355 1033 390 1072 ea
412 1014 468 1073 hoc
492 1015 557 1074 loco
581 1034 745 1091 proponere
769 1017 867 1073 visum
890 1017 944 1072 est.

454 1184 499 1238 De
517 1183 613 1253 tepolis
630 1185 785 1252 mmsoipiis.

205 1285 232 1348 1.
256 1283 295 1347 D.
309 1283 361 1366 32,
376 1285 427 1361 60,
444 1285 472 1348 1.
499 1284 634 1349 Alfenus
654 1286 737 1349 libro
758 1283 896 1348 secundo
915 1281 1124 1369 Digestorum

11 1415 14 1422 »
111 1393 133 1435 a
164 1371 266 1438 Paulo
304 1373 561 1455 epitomatorum.
618 1372 726 1438 Servis
763 1376 796 1436 et
833 1372 958 1436 ancillis
993 1373 1124 1437 urbanis

113 1461 232 1545 legatis
261 1481 438 1546 agasonem
466 1462 641 1526 mulionem
668 1463 779 1546 legato
806 1483 873 1526 non
896 1461 1053 1525 contineri
1077 1483 1124 1525 re-

114 1549 244 1633 spondi:
278 1571 333 1614 eos
361 1551 447 1614 enim
472 1550 560 1614 solos
589 1552 622 1614 in
654 1572 691 1615 eo
722 1571 857 1614 numero
886 1549 1012 1633 haberi,
1043 1571 1125 1634 quos

113 1638 358 1722 paterfamilias
373 1640 492 1704 circum
508 1661 541 1701 se
556 1638 675 1722 ipsius¹
686 1640 737 1703 sui
751 1640 857 1703 cultus
873 1660 970 1703 causa
980 1638 1123 1703 haberet.

466 1813 511 1868 Dc
527 1815 588 1868 iuro
606 1815 767 1869 uicinorum.

202 1914 231 1977 2.
259 1912 297 1977 D.
315 1915 344 1995 8,
358 1913 389 1994 5,
405 1915 454 1995 17,
470 1915 499 1978 2.
536 1913 673 1978 Alfenus
697 1889 781 1978 libro
806 1913 946 1978 secundo
971 1913 1122 1997 Digesto-

111 2025 193 2068 rum.
243 2000 422 2066 Secundum
457 2003 546 2067 cuius
573 2005 730 2086 parietem
758 2004 881 2066 vicinus
910 2001 1122 2068 sterculinum

111 2091 241 2174 iecerat,
264 2113 302 2155 ex
325 2113 388 2174 quo
412 2091 518 2175 paries
543 2092 759 2174 madescebat,
784 2092 990 2178 consulebat,
1014 2114 1125 2178 quem·
1172 2139 1174 2146 ν

111 2180 284 2244 admodum
312 2186 423 2265 posset
450 2180 589 2245 vicinum
613 2202 740 2265 cogere,
769 2186 804 2244 ut
828 2182 1038 2247 sterculinum
1062 2183 1126 2250 tol-

112 2270 202 2333 leret.
251 2269 417 2352 respondi,
450 2271 477 2332 si
509 2270 544 2332 in
574 2271 646 2334 loco
674 2271 804 2353 publico
832 2270 864 2332 id
892 2272 1037 2358 fecisset,
1069 2297 1128 2361 per

112 2357 321 2422 interdictum
346 2358 419 2440 cogi
442 2379 546 2442 posse,
571 2359 625 2422 sed
650 2361 677 2422 si
697 2359 731 2422 in
750 2360 886 2443 privato,
911 2361 950 2426 de
970 2367 1128 2434 servitute

111 2468 207 2531 agere
223 2446 351 2530 debere3
366 2448 393 2510 si
406 2447 516 2511 damni
530 2445 642 2511 infecti
658 2448 829 2530 stipulatus
845 2456 940 2533 esset,
955 2460 1065 2536 possit
1074 2479 1132 2547 per

111 2543 184 2600 eam
208 2535 461 2618 stipulationem,
485 2536 512 2599 si
536 2536 612 2620 quid
633 2557 670 2598 ex
689 2557 726 2598 ea
745 2557 779 2597 re
800 2536 862 2598 sibi
882 2538 998 2610 damni
1019 2551 1135 2620 datum

109 2629 210 2706 esset,
233 2646 368 2688 servare.
974 2637 976 2644 “

467 2719 511 2772 De
528 2720 658 2787 petitione
675 2720 766 2786 fandi.

201 2820 229 2884 3.
260 2817 299 2882 D.
319 2819 352 2900 6,
376 2821 406 2900 i,
425 2818 478 2884 57.
520 2819 658 2884 Alfenus
682 2820 764 2883 libro
788 2823 880 2885 sexto
905 2823 1051 2927 Diges,a
1111 2869 1156 2918 m,
1208 2891 1210 2897 ,

92 2909 142 2973 ·Is
172 2931 191 2972 a
219 2929 282 2992 quo
310 2907 429 2972 fundus
457 2909 578 2991 petitus
611 2915 680 2972 erat
710 2908 750 2972 ab
775 2908 839 2972 alio
864 2913 1043 3020 eiusdem
1052 2879 1165 3028 ⁰313&

111 2999 244 3062 nomine
264 3001 440 3060 conventus
460 3003 518 3060 est.
552 2997 775 3081 quaerebatur,
794 2998 823 3060 si
842 3001 1026 3101 alterupr.

110 3086 201 3150 iussu
229 3085 345 3149 iudicis
374 3084 507 3149 fundum
533 3087 729 3150 restituisset
752 3089 783 3148 et
805 3093 934 3170 postea
969 3063 1034 3186 3¹

111 3175 252 3240 alterum
276 3174 449 3256 petitorem
468 3196 519 3238 res
539 3175 742 3257 iudicaretur,
766 3183 963 3265 quemadm
999 3151 1025 3197 Β

110 3263 230 3348 duplex
255 3261 408 3326 damnum
432 3263 587 3328 traheret.
632 3263 793 3346 respondi,
820 3267 896 3332 uter
928 3302 963 3370 Β

109 3352 280 3433 iudicaret,
311 3374 383 3415 eum
413 3355 562 3433 oportere
589 3352 636 3416 ita
664 3351 800 3415 fundum
828 3359 1023 3474 petito1⁴⁸¹

182 3507 266 3563 lFl.
283 3507 353 3577 ipse.
