<?xml version="1.0" encoding="UTF-8"?>
<!DOCTYPE html PUBLIC "-//W3C//DTD XHTML 1.0 Transitional//EN"
    "http://www.w3.org/TR/xhtml1/DTD/xhtml1-transitional.dtd">
<html xmlns="http://www.w3.org/1999/xhtml" xml:lang="en" lang="en">
 <head>
  <title>
</title>
<meta http-equiv="Content-Type" content="text/html;charset=utf-8" />
  <meta name='ocr-system' content='tesseract 3.04.00' />
  <meta name='ocr-capabilities' content='ocr_page ocr_carea ocr_par ocr_line ocrx_word'/>
</head>
<body>
  <div class='ocr_page' id='page_1' title='image "./iurisprudentiae05bremgoog_0254.png"; bbox 0 0 2598 3910; ppageno 0'>
   <div class='ocr_carea' id='block_1_1' title="bbox 174 181 1288 246">
    <p class='ocr_par' dir='ltr' id='par_1_1' title="bbox 174 181 1288 246">
     <span class='ocr_line' id='line_1_1' title="bbox 174 181 1288 246; baseline 0.004 -9"><span class='ocrx_word' id='word_1_1' title='bbox 174 182 241 246; x_wconf 79' lang='grc'>244</span> <span class='ocrx_word' id='word_1_2' title='bbox 276 181 336 237; x_wconf 87' lang='lat' dir='ltr'><strong>VII.</strong></span> <span class='ocrx_word' id='word_1_3' title='bbox 358 181 493 238; x_wconf 80' lang='lat' dir='ltr'>OCTAVI</span> <span class='ocrx_word' id='word_1_4' title='bbox 511 182 609 239; x_wconf 80' lang='lat' dir='ltr'>SAEC.</span> <span class='ocrx_word' id='word_1_5' title='bbox 624 183 719 238; x_wconf 82' lang='lat' dir='ltr'><strong>IURIS</strong></span> <span class='ocrx_word' id='word_1_6' title='bbox 735 183 911 242; x_wconf 82' lang='lat' dir='ltr'>CONSULT.</span> <span class='ocrx_word' id='word_1_7' title='bbox 927 184 1003 242; x_wconf 80' lang='lat' dir='ltr'><strong>SER.</strong></span> <span class='ocrx_word' id='word_1_8' title='bbox 1019 181 1192 241; x_wconf 79' lang='lat' dir='ltr'>SECUNDA</span> <span class='ocrx_word' id='word_1_9' title='bbox 1286 225 1288 242; x_wconf 76' lang='grc'><strong>.</strong></span> 
     </span>
    </p>
   </div>
   <div class='ocr_carea' id='block_1_2' title="bbox 601 359 756 420">
    <p class='ocr_par' dir='ltr' id='par_1_2' title="bbox 601 359 756 420">
     <span class='ocr_line' id='line_1_2' title="bbox 601 359 756 420; baseline 0.013 -2"><span class='ocrx_word' id='word_1_10' title='bbox 601 359 709 419; x_wconf 83' lang='lat' dir='ltr'>Liber</span> <span class='ocrx_word' id='word_1_11' title='bbox 730 361 756 420; x_wconf 93' lang='grc' dir='ltr'>Ι.</span> 
     </span>
    </p>
   </div>
   <div class='ocr_carea' id='block_1_3' title="bbox 175 467 1193 910">
    <p class='ocr_par' dir='ltr' id='par_1_3' title="bbox 175 467 1193 910">
     <span class='ocr_line' id='line_1_3' title="bbox 265 467 1193 556; baseline 0.002 -21"><span class='ocrx_word' id='word_1_12' title='bbox 265 473 293 536; x_wconf 85' lang='lat'>1.</span> <span class='ocrx_word' id='word_1_13' title='bbox 326 470 410 536; x_wconf 81' lang='lat' dir='ltr'>Fest.</span> <span class='ocrx_word' id='word_1_14' title='bbox 434 467 528 536; x_wconf 53' lang='grc'><strong>2981).</strong></span> <span class='ocrx_word' id='word_1_15' title='bbox 563 507 601 518; x_wconf 92' lang='grc'>-</span> <span class='ocrx_word' id='word_1_16' title='bbox 637 468 867 552; x_wconf 83' lang='lat' dir='ltr'>Sollistimum,</span> <span class='ocrx_word' id='word_1_17' title='bbox 899 471 962 556; x_wconf 89' lang='lat' dir='ltr'>Ap.</span> <span class='ocrx_word' id='word_1_18' title='bbox 985 471 1123 537; x_wconf 84' lang='lat' dir='ltr'>Pulcher</span> <span class='ocrx_word' id='word_1_19' title='bbox 1155 475 1193 538; x_wconf 93' lang='lat' dir='ltr'>in</span> 
     </span>
     <span class='ocr_line' id='line_1_4' title="bbox 175 558 1191 644; baseline 0.002 -20"><span class='ocrx_word' id='word_1_20' title='bbox 175 559 342 644; x_wconf 86' lang='lat' dir='ltr'>auguralis</span> <span class='ocrx_word' id='word_1_21' title='bbox 366 558 553 643; x_wconf 86' lang='lat' dir='ltr'>disciplinae</span> <span class='ocrx_word' id='word_1_22' title='bbox 577 560 597 625; x_wconf 91' lang='lat' dir='ltr'>l.</span> <span class='ocrx_word' id='word_1_23' title='bbox 615 558 631 622; x_wconf 98' lang='lat' dir='ltr'>I</span> <span class='ocrx_word' id='word_1_24' title='bbox 653 560 709 641; x_wconf 90' lang='lat' dir='ltr'>ait,</span> <span class='ocrx_word' id='word_1_25' title='bbox 733 581 803 624; x_wconf 90' lang='lat' dir='ltr'>esse</span> <span class='ocrx_word' id='word_1_26' title='bbox 822 560 999 644; x_wconf 88' lang='lat' dir='ltr'>tripudium</span> <span class='ocrx_word' id='word_1_27' title='bbox 1018 583 1116 644; x_wconf 91' lang='lat' dir='ltr'>quom</span> <span class='ocrx_word' id='word_1_28' title='bbox 1136 565 1191 626; x_wconf 83' lang='lat' dir='ltr'>avi</span> 
     </span>
     <span class='ocr_line' id='line_1_5' title="bbox 175 647 1191 732; baseline 0.003 -19"><span class='ocrx_word' id='word_1_29' title='bbox 175 648 293 713; x_wconf 85' lang='lat' dir='ltr'>excidit</span> <span class='ocrx_word' id='word_1_30' title='bbox 320 669 359 712; x_wconf 87' lang='lat' dir='ltr'>ex</span> <span class='ocrx_word' id='word_1_31' title='bbox 387 670 454 732; x_wconf 94' lang='lat' dir='ltr'>ore,</span> <span class='ocrx_word' id='word_1_32' title='bbox 483 648 569 732; x_wconf 92' lang='lat' dir='ltr'>quod</span> <span class='ocrx_word' id='word_1_33' title='bbox 596 647 653 712; x_wconf 92' lang='lat' dir='ltr'>illa</span> <span class='ocrx_word' id='word_1_34' title='bbox 680 647 758 712; x_wconf 88' lang='lat' dir='ltr'>fert:</span> <span class='ocrx_word' id='word_1_35' title='bbox 789 670 941 714; x_wconf 80' lang='lat' dir='ltr'><strong>saxumve</strong></span> <span class='ocrx_word' id='word_1_36' title='bbox 968 650 1110 714; x_wconf 90' lang='lat' dir='ltr'>solidum</span> <span class='ocrx_word' id='word_1_37' title='bbox 1131 657 1191 716; x_wconf 89' lang='lat' dir='ltr'>aut</span> 
     </span>
     <span class='ocr_line' id='line_1_6' title="bbox 175 736 1190 821; baseline 0.003 -20"><span class='ocrx_word' id='word_1_38' title='bbox 175 739 272 803; x_wconf 88' lang='lat' dir='ltr'>arbos</span> <span class='ocrx_word' id='word_1_39' title='bbox 295 736 452 802; x_wconf 83' lang='lat' dir='ltr'>viviradix</span> <span class='ocrx_word' id='word_1_40' title='bbox 474 738 549 821; x_wconf 89' lang='lat' dir='ltr'>ruit,</span> <span class='ocrx_word' id='word_1_41' title='bbox 571 758 653 820; x_wconf 91' lang='lat' dir='ltr'>quae</span> <span class='ocrx_word' id='word_1_42' title='bbox 677 759 737 802; x_wconf 90' lang='lat' dir='ltr'>nec</span> <span class='ocrx_word' id='word_1_43' title='bbox 757 759 835 821; x_wconf 91' lang='lat' dir='ltr'>prae</span> <span class='ocrx_word' id='word_1_44' title='bbox 854 739 934 803; x_wconf 88' lang='lat' dir='ltr'>vitio</span> <span class='ocrx_word' id='word_1_45' title='bbox 953 739 1137 804; x_wconf 83' lang='lat' dir='ltr'>humanave</span> <span class='ocrx_word' id='word_1_46' title='bbox 1157 741 1190 804; x_wconf 90' lang='lat' dir='ltr'>vi</span> 
     </span>
     <span class='ocr_line' id='line_1_7' title="bbox 176 826 871 910; baseline 0.001 -20"><span class='ocrx_word' id='word_1_47' title='bbox 176 827 403 910; x_wconf 77' lang='lat' dir='ltr'>caedanturve,</span> <span class='ocrx_word' id='word_1_48' title='bbox 427 826 638 908; x_wconf 80' lang='lat' dir='ltr'>iaciunturve,</span> <span class='ocrx_word' id='word_1_49' title='bbox 661 826 871 910; x_wconf 70' lang='lat' dir='ltr'>pellanturve.</span> 
     </span>
    </p>
   </div>
   <div class='ocr_carea' id='block_1_4' title="bbox 511 999 853 1059">
    <p class='ocr_par' dir='ltr' id='par_1_4' title="bbox 511 999 853 1059">
     <span class='ocr_line' id='line_1_8' title="bbox 511 999 853 1059; baseline 0 -1"><span class='ocrx_word' id='word_1_50' title='bbox 511 999 561 1058; x_wconf 83' lang='lat' dir='ltr'>Ex</span> <span class='ocrx_word' id='word_1_51' title='bbox 584 1000 725 1058; x_wconf 89' lang='lat' dir='ltr'>incerto</span> <span class='ocrx_word' id='word_1_52' title='bbox 747 1000 853 1059; x_wconf 91' lang='lat' dir='ltr'>libro.</span> 
     </span>
    </p>
   </div>
   <div class='ocr_carea' id='block_1_5' title="bbox 174 1107 1191 1977">
    <p class='ocr_par' dir='ltr' id='par_1_5' title="bbox 174 1107 1191 1551">
     <span class='ocr_line' id='line_1_9' title="bbox 262 1107 1191 1195; baseline 0.002 -19"><span class='ocrx_word' id='word_1_53' title='bbox 262 1113 311 1176; x_wconf 70' lang='lat'>2³.</span> <span class='ocrx_word' id='word_1_54' title='bbox 343 1107 410 1176; x_wconf 84' lang='lat' dir='ltr'>Oic.</span> <span class='ocrx_word' id='word_1_55' title='bbox 431 1110 494 1195; x_wconf 85' lang='lat' dir='ltr'>leg.</span> <span class='ocrx_word' id='word_1_56' title='bbox 516 1110 688 1193; x_wconf 77' lang='lat'>2,13,32.</span> <span class='ocrx_word' id='word_1_57' title='bbox 734 1111 767 1173; x_wconf 93' lang='lat' dir='ltr'>in</span> <span class='ocrx_word' id='word_1_58' title='bbox 799 1111 937 1195; x_wconf 82' lang='lat' dir='ltr'>collegio</span> <span class='ocrx_word' id='word_1_59' title='bbox 966 1115 1074 1177; x_wconf 90' lang='lat' dir='ltr'>vestro</span> <span class='ocrx_word' id='word_1_60' title='bbox 1103 1113 1191 1179; x_wconf 89' lang='lat' dir='ltr'>inter</span> 
     </span>
     <span class='ocr_line' id='line_1_10' title="bbox 174 1199 1189 1284; baseline 0.002 -20"><span class='ocrx_word' id='word_1_61' title='bbox 174 1200 361 1265; x_wconf 87' lang='lat' dir='ltr'>Marcellum</span> <span class='ocrx_word' id='word_1_62' title='bbox 377 1203 409 1262; x_wconf 91' lang='lat' dir='ltr'>et</span> <span class='ocrx_word' id='word_1_63' title='bbox 418 1199 570 1284; x_wconf 87' lang='lat' dir='ltr'>Appium,</span> <span class='ocrx_word' id='word_1_64' title='bbox 584 1199 723 1283; x_wconf 91' lang='lat' dir='ltr'>optimos</span> <span class='ocrx_word' id='word_1_65' title='bbox 734 1219 882 1284; x_wconf 80' lang='lat' dir='ltr'>augures,</span> <span class='ocrx_word' id='word_1_66' title='bbox 897 1220 1017 1284; x_wconf 84' lang='lat' dir='ltr'>magna</span> <span class='ocrx_word' id='word_1_67' title='bbox 1029 1200 1189 1267; x_wconf 83' lang='lat' dir='ltr'>dissensio</span> 
     </span>
     <span class='ocr_line' id='line_1_11' title="bbox 175 1287 1189 1377; baseline 0.003 -24"><span class='ocrx_word' id='word_1_68' title='bbox 175 1287 267 1377; x_wconf 91' lang='lat' dir='ltr'>(nam</span> <span class='ocrx_word' id='word_1_69' title='bbox 291 1309 403 1352; x_wconf 90' lang='lat' dir='ltr'>eorum</span> <span class='ocrx_word' id='word_1_70' title='bbox 426 1308 488 1370; x_wconf 84' lang='lat' dir='ltr'>ego</span> <span class='ocrx_word' id='word_1_71' title='bbox 511 1289 545 1351; x_wconf 92' lang='lat' dir='ltr'>iu</span> <span class='ocrx_word' id='word_1_72' title='bbox 568 1288 669 1352; x_wconf 90' lang='lat' dir='ltr'>libros</span> <span class='ocrx_word' id='word_1_73' title='bbox 692 1287 818 1372; x_wconf 84' lang='lat' dir='ltr'>incidi),</span> <span class='ocrx_word' id='word_1_74' title='bbox 846 1310 920 1353; x_wconf 93' lang='lat' dir='ltr'>cum</span> <span class='ocrx_word' id='word_1_75' title='bbox 943 1289 1037 1354; x_wconf 90' lang='lat' dir='ltr'>alteri</span> <span class='ocrx_word' id='word_1_76' title='bbox 1059 1291 1189 1372; x_wconf 89' lang='lat' dir='ltr'>placeat</span> 
     </span>
     <span class='ocr_line' id='line_1_12' title="bbox 175 1375 1190 1464; baseline 0.001 -21"><span class='ocrx_word' id='word_1_77' title='bbox 175 1378 321 1462; x_wconf 86' lang='lat' dir='ltr'>auspicia</span> <span class='ocrx_word' id='word_1_78' title='bbox 341 1378 405 1441; x_wconf 84' lang='lat' dir='ltr'>ista</span> <span class='ocrx_word' id='word_1_79' title='bbox 424 1375 465 1440; x_wconf 91' lang='lat' dir='ltr'>ad</span> <span class='ocrx_word' id='word_1_80' title='bbox 483 1376 659 1441; x_wconf 77' lang='lat' dir='ltr'>utilitatem</span> <span class='ocrx_word' id='word_1_81' title='bbox 678 1398 748 1441; x_wconf 88' lang='lat' dir='ltr'>esse</span> <span class='ocrx_word' id='word_1_82' title='bbox 766 1377 813 1440; x_wconf 94' lang='lat' dir='ltr'>rei</span> <span class='ocrx_word' id='word_1_83' title='bbox 830 1377 978 1460; x_wconf 85' lang='lat' dir='ltr'>publicae</span> <span class='ocrx_word' id='word_1_84' title='bbox 997 1379 1190 1464; x_wconf 89' lang='lat' dir='ltr'>composita,</span> 
     </span>
     <span class='ocr_line' id='line_1_13' title="bbox 176 1465 1190 1551; baseline 0.002 -20"><span class='ocrx_word' id='word_1_85' title='bbox 176 1468 271 1531; x_wconf 90' lang='lat' dir='ltr'>alteri</span> <span class='ocrx_word' id='word_1_86' title='bbox 299 1465 471 1551; x_wconf 85' lang='lat' dir='ltr'>disciplina</span> <span class='ocrx_word' id='word_1_87' title='bbox 498 1469 608 1530; x_wconf 90' lang='lat' dir='ltr'>vestra</span> <span class='ocrx_word' id='word_1_88' title='bbox 636 1467 729 1550; x_wconf 87' lang='lat' dir='ltr'>quasi</span> <span class='ocrx_word' id='word_1_89' title='bbox 751 1465 889 1530; x_wconf 89' lang='lat' dir='ltr'>divinari</span> <span class='ocrx_word' id='word_1_90' title='bbox 912 1466 1060 1531; x_wconf 88' lang='lat' dir='ltr'>videatur</span> <span class='ocrx_word' id='word_1_91' title='bbox 1082 1490 1190 1551; x_wconf 90' lang='lat' dir='ltr'>posse.</span> 
     </span>
    </p>

    <p class='ocr_par' dir='ltr' id='par_1_6' title="bbox 175 1551 1191 1977">
     <span class='ocr_line' id='line_1_14' title="bbox 264 1551 1190 1638; baseline 0.001 -16"><span class='ocrx_word' id='word_1_92' title='bbox 264 1551 315 1624; x_wconf 78' lang='lat'>2¹³.</span> <span class='ocrx_word' id='word_1_93' title='bbox 337 1552 403 1620; x_wconf 84' lang='lat' dir='ltr'>Oic.</span> <span class='ocrx_word' id='word_1_94' title='bbox 426 1554 464 1619; x_wconf 89' lang='lat' dir='ltr'>de</span> <span class='ocrx_word' id='word_1_95' title='bbox 487 1555 585 1620; x_wconf 91' lang='lat' dir='ltr'>divin.</span> <span class='ocrx_word' id='word_1_96' title='bbox 608 1555 644 1638; x_wconf 79' lang='lat'>2,</span> <span class='ocrx_word' id='word_1_97' title='bbox 671 1553 729 1638; x_wconf 85' lang='lat'>35,</span> <span class='ocrx_word' id='word_1_98' title='bbox 759 1555 810 1618; x_wconf 80' lang='lat'>75.</span> <span class='ocrx_word' id='word_1_99' title='bbox 856 1555 1003 1638; x_wconf 88' lang='lat' dir='ltr'>equidem</span> <span class='ocrx_word' id='word_1_100' title='bbox 1027 1558 1190 1623; x_wconf 90' lang='lat' dir='ltr'>assentior</span> 
     </span>
     <span class='ocr_line' id='line_1_15' title="bbox 175 1641 1188 1728; baseline 0.003 -20"><span class='ocrx_word' id='word_1_101' title='bbox 175 1643 209 1710; x_wconf 82' lang='grc' dir='ltr'>Ο.</span> <span class='ocrx_word' id='word_1_102' title='bbox 227 1643 381 1709; x_wconf 90' lang='lat' dir='ltr'>Marcello</span> <span class='ocrx_word' id='word_1_103' title='bbox 404 1644 512 1728; x_wconf 88' lang='lat' dir='ltr'>potius</span> <span class='ocrx_word' id='word_1_104' title='bbox 536 1665 632 1728; x_wconf 89' lang='lat' dir='ltr'>quam</span> <span class='ocrx_word' id='word_1_105' title='bbox 657 1643 765 1727; x_wconf 88' lang='lat' dir='ltr'>Appio</span> <span class='ocrx_word' id='word_1_106' title='bbox 785 1641 920 1708; x_wconf 81' lang='lat' dir='ltr'>Claudio</span> <span class='ocrx_word' id='word_1_107' title='bbox 1021 1646 1188 1711; x_wconf 86' lang='lat' dir='ltr'>existimo·</span> 
     </span>
     <span class='ocr_line' id='line_1_16' title="bbox 175 1731 1188 1819; baseline 0.002 -21"><span class='ocrx_word' id='word_1_108' title='bbox 175 1756 236 1818; x_wconf 90' lang='lat' dir='ltr'>que</span> <span class='ocrx_word' id='word_1_109' title='bbox 258 1734 309 1798; x_wconf 90' lang='lat' dir='ltr'>ius</span> <span class='ocrx_word' id='word_1_110' title='bbox 333 1754 505 1818; x_wconf 82' lang='lat' dir='ltr'>augurum,</span> <span class='ocrx_word' id='word_1_111' title='bbox 533 1731 596 1798; x_wconf 87' lang='lat' dir='ltr'>etsi</span> <span class='ocrx_word' id='word_1_112' title='bbox 619 1731 827 1796; x_wconf 87' lang='lat' dir='ltr'>divinationis</span> <span class='ocrx_word' id='word_1_113' title='bbox 851 1734 1002 1816; x_wconf 91' lang='lat' dir='ltr'>opinione</span> <span class='ocrx_word' id='word_1_114' title='bbox 1025 1735 1188 1819; x_wconf 91' lang='lat' dir='ltr'>principio</span> 
     </span>
     <span class='ocr_line' id='line_1_17' title="bbox 175 1819 1191 1906; baseline 0.001 -18"><span class='ocrx_word' id='word_1_115' title='bbox 175 1823 390 1888; x_wconf 69' lang='lat' dir='ltr'>consitutum</span> <span class='ocrx_word' id='word_1_116' title='bbox 427 1823 483 1906; x_wconf 88' lang='lat' dir='ltr'>sit,</span> <span class='ocrx_word' id='word_1_117' title='bbox 524 1827 634 1886; x_wconf 89' lang='lat' dir='ltr'>tamen</span> <span class='ocrx_word' id='word_1_118' title='bbox 671 1824 785 1903; x_wconf 87' lang='lat' dir='ltr'>postea</span> <span class='ocrx_word' id='word_1_119' title='bbox 822 1819 876 1884; x_wconf 89' lang='lat' dir='ltr'>rei&#39;</span> <span class='ocrx_word' id='word_1_120' title='bbox 903 1822 1052 1906; x_wconf 88' lang='lat' dir='ltr'>publicae</span> <span class='ocrx_word' id='word_1_121' title='bbox 1090 1845 1191 1890; x_wconf 87' lang='lat' dir='ltr'>causa</span> 
     </span>
     <span class='ocr_line' id='line_1_18' title="bbox 175 1913 655 1977; baseline -0.01 0"><span class='ocrx_word' id='word_1_122' title='bbox 175 1917 400 1977; x_wconf 87' lang='lat' dir='ltr'>conservatum</span> <span class='ocrx_word' id='word_1_123' title='bbox 424 1931 462 1975; x_wconf 88' lang='lat' dir='ltr'>ac</span> <span class='ocrx_word' id='word_1_124' title='bbox 484 1913 655 1975; x_wconf 88' lang='lat' dir='ltr'>retentum.</span> 
     </span>
    </p>
   </div>
   <div class='ocr_carea' id='block_1_6' title="bbox 600 2088 760 2096">
    <p class='ocr_par' dir='ltr' id='par_1_7' title="bbox 600 2088 760 2096">
     <span class='ocr_line' id='line_1_19' title="bbox 600 2088 760 2096; baseline 0.013 -2"><span class='ocrx_word' id='word_1_125' title='bbox 600 2088 760 2096; x_wconf 77' lang='lat'>———</span> 
     </span>
    </p>
   </div>
   <div class='ocr_carea' id='block_1_7' title="bbox 264 2219 1026 2445">
    <p class='ocr_par' dir='ltr' id='par_1_8' title="bbox 264 2219 1026 2445">
     <span class='ocr_line' id='line_1_20' title="bbox 337 2219 1026 2300; baseline -0.003 -1"><span class='ocrx_word' id='word_1_126' title='bbox 337 2219 377 2300; x_wconf 80' lang='grc'>2.</span> <span class='ocrx_word' id='word_1_127' title='bbox 415 2222 452 2296; x_wconf 81' lang='lat' dir='ltr'>O.</span> <span class='ocrx_word' id='word_1_128' title='bbox 479 2221 713 2295; x_wconf 73' lang='lat' dir='ltr'><strong>CLAUDIUS</strong></span> <span class='ocrx_word' id='word_1_129' title='bbox 741 2223 1026 2298; x_wconf 73' lang='lat' dir='ltr'><strong>MAROELLUS</strong></span> 
     </span>
     <span class='ocr_line' id='line_1_21' title="bbox 264 2360 787 2445; baseline 0 -19"><span class='ocrx_word' id='word_1_130' title='bbox 264 2386 321 2427; x_wconf 72' lang='lat' dir='ltr'>eos.</span> <span class='ocrx_word' id='word_1_131' title='bbox 346 2369 400 2427; x_wconf 77' lang='lat' dir='ltr'>aus</span> <span class='ocrx_word' id='word_1_132' title='bbox 424 2360 550 2445; x_wconf 69' lang='lat' dir='ltr'>vorsso</span> <span class='ocrx_word' id='word_1_133' title='bbox 574 2369 628 2425; x_wconf 73' lang='lat' dir='ltr'>aa</span> <span class='ocrx_word' id='word_1_134' title='bbox 651 2361 787 2444; x_wconf 68' lang='lat' dir='ltr'>vorsla.</span> 
     </span>
    </p>
   </div>
   <div class='ocr_carea' id='block_1_8' title="bbox 398 2533 963 2615">
    <p class='ocr_par' dir='ltr' id='par_1_9' title="bbox 398 2533 963 2615">
     <span class='ocr_line' id='line_1_22' title="bbox 398 2533 963 2615; baseline -0.004 -19"><span class='ocrx_word' id='word_1_135' title='bbox 398 2536 600 2615; x_wconf 80' lang='lat' dir='ltr'>Auguralis</span> <span class='ocrx_word' id='word_1_136' title='bbox 625 2533 843 2613; x_wconf 87' lang='lat' dir='ltr'>disciplinae</span> <span class='ocrx_word' id='word_1_137' title='bbox 867 2537 963 2595; x_wconf 91' lang='lat' dir='ltr'>libri.</span> 
     </span>
    </p>
   </div>
   <div class='ocr_carea' id='block_1_9' title="bbox 174 2645 1188 2911">
    <p class='ocr_par' dir='ltr' id='par_1_10' title="bbox 174 2645 1188 2911">
     <span class='ocr_line' id='line_1_23' title="bbox 263 2645 1188 2732; baseline -0.001 -19"><span class='ocrx_word' id='word_1_138' title='bbox 263 2645 327 2713; x_wconf 80' lang='lat' dir='ltr'>Cic.</span> <span class='ocrx_word' id='word_1_139' title='bbox 347 2649 409 2732; x_wconf 81' lang='lat' dir='ltr'>leg.</span> <span class='ocrx_word' id='word_1_140' title='bbox 428 2650 458 2730; x_wconf 81' lang='grc'>2,</span> <span class='ocrx_word' id='word_1_141' title='bbox 475 2649 524 2732; x_wconf 84' lang='grc'>13,</span> <span class='ocrx_word' id='word_1_142' title='bbox 538 2648 589 2714; x_wconf 84' lang='lat'>32.</span> <span class='ocrx_word' id='word_1_143' title='bbox 631 2647 665 2711; x_wconf 91' lang='lat' dir='ltr'>in</span> <span class='ocrx_word' id='word_1_144' title='bbox 688 2647 835 2732; x_wconf 81' lang='lat' dir='ltr'>conlegio</span> <span class='ocrx_word' id='word_1_145' title='bbox 859 2653 968 2712; x_wconf 89' lang='lat' dir='ltr'>vestro</span> <span class='ocrx_word' id='word_1_146' title='bbox 991 2647 1078 2711; x_wconf 88' lang='lat' dir='ltr'>inter</span> <span class='ocrx_word' id='word_1_147' title='bbox 1100 2647 1188 2712; x_wconf 84' lang='lat' dir='ltr'>Mer·</span> 
     </span>
     <span class='ocr_line' id='line_1_24' title="bbox 174 2736 1184 2822; baseline 0.001 -21"><span class='ocrx_word' id='word_1_148' title='bbox 174 2737 291 2802; x_wconf 90' lang='lat' dir='ltr'>cellum</span> <span class='ocrx_word' id='word_1_149' title='bbox 315 2741 348 2801; x_wconf 90' lang='lat' dir='ltr'>et</span> <span class='ocrx_word' id='word_1_150' title='bbox 370 2738 522 2821; x_wconf 91' lang='lat' dir='ltr'>Appium,</span> <span class='ocrx_word' id='word_1_151' title='bbox 545 2737 686 2820; x_wconf 88' lang='lat' dir='ltr'>optimos</span> <span class='ocrx_word' id='word_1_152' title='bbox 710 2756 858 2820; x_wconf 82' lang='lat' dir='ltr'>augures,</span> <span class='ocrx_word' id='word_1_153' title='bbox 881 2758 1002 2822; x_wconf 85' lang='lat' dir='ltr'>magna</span> <span class='ocrx_word' id='word_1_154' title='bbox 1025 2736 1184 2802; x_wconf 90' lang='lat' dir='ltr'>dissensio</span> 
     </span>
     <span class='ocr_line' id='line_1_25' title="bbox 175 2821 1186 2911; baseline 0.001 -23"><span class='ocrx_word' id='word_1_155' title='bbox 175 2823 265 2910; x_wconf 85' lang='lat' dir='ltr'>(nam</span> <span class='ocrx_word' id='word_1_156' title='bbox 289 2848 400 2891; x_wconf 90' lang='lat' dir='ltr'>eorum</span> <span class='ocrx_word' id='word_1_157' title='bbox 424 2846 483 2909; x_wconf 82' lang='lat' dir='ltr'>ego</span> <span class='ocrx_word' id='word_1_158' title='bbox 506 2825 542 2888; x_wconf 93' lang='lat' dir='ltr'>in</span> <span class='ocrx_word' id='word_1_159' title='bbox 565 2825 666 2890; x_wconf 86' lang='lat' dir='ltr'>libros</span> <span class='ocrx_word' id='word_1_160' title='bbox 689 2821 815 2911; x_wconf 89' lang='lat' dir='ltr'>incidi),</span> <span class='ocrx_word' id='word_1_161' title='bbox 842 2847 915 2889; x_wconf 92' lang='lat' dir='ltr'>cum</span> <span class='ocrx_word' id='word_1_162' title='bbox 939 2825 1033 2890; x_wconf 89' lang='lat' dir='ltr'>alteri</span> <span class='ocrx_word' id='word_1_163' title='bbox 1056 2827 1186 2910; x_wconf 87' lang='lat' dir='ltr'>placeat</span> 
     </span>
    </p>
   </div>
   <div class='ocr_carea' id='block_1_10' title="bbox 175 2913 1286 3000">
    <p class='ocr_par' dir='ltr' id='par_1_11' title="bbox 175 2913 1286 3000">
     <span class='ocr_line' id='line_1_26' title="bbox 175 2913 1286 3000; baseline 0.004 -24"><span class='ocrx_word' id='word_1_164' title='bbox 175 2913 320 2997; x_wconf 87' lang='lat' dir='ltr'>auspicia</span> <span class='ocrx_word' id='word_1_165' title='bbox 338 2914 403 2977; x_wconf 87' lang='lat' dir='ltr'>ista</span> <span class='ocrx_word' id='word_1_166' title='bbox 422 2914 462 2977; x_wconf 87' lang='lat' dir='ltr'>ad</span> <span class='ocrx_word' id='word_1_167' title='bbox 480 2913 656 2978; x_wconf 82' lang='lat' dir='ltr'>utilitatem</span> <span class='ocrx_word' id='word_1_168' title='bbox 675 2935 744 2978; x_wconf 89' lang='lat' dir='ltr'>esse</span> <span class='ocrx_word' id='word_1_169' title='bbox 763 2915 808 2978; x_wconf 91' lang='lat' dir='ltr'>rei</span> <span class='ocrx_word' id='word_1_170' title='bbox 827 2913 976 2998; x_wconf 88' lang='lat' dir='ltr'>publicae</span> <span class='ocrx_word' id='word_1_171' title='bbox 994 2917 1186 3000; x_wconf 90' lang='lat' dir='ltr'>composita,</span> <span class='ocrx_word' id='word_1_172' title='bbox 1285 2961 1286 2964; x_wconf 19' lang='grc' dir='ltr'><strong>κ</strong></span> 
     </span>
    </p>
   </div>
   <div class='ocr_carea' id='block_1_11' title="bbox 175 3001 1184 3087">
    <p class='ocr_par' dir='ltr' id='par_1_12' title="bbox 175 3001 1184 3087">
     <span class='ocr_line' id='line_1_27' title="bbox 175 3001 1184 3087; baseline 0.002 -22"><span class='ocrx_word' id='word_1_173' title='bbox 175 3002 268 3065; x_wconf 89' lang='lat' dir='ltr'>alteri</span> <span class='ocrx_word' id='word_1_174' title='bbox 296 3001 465 3084; x_wconf 90' lang='lat' dir='ltr'>disciplina</span> <span class='ocrx_word' id='word_1_175' title='bbox 493 3006 601 3065; x_wconf 85' lang='lat' dir='ltr'>vestra</span> <span class='ocrx_word' id='word_1_176' title='bbox 627 3002 721 3086; x_wconf 89' lang='lat' dir='ltr'>quasi</span> <span class='ocrx_word' id='word_1_177' title='bbox 745 3002 884 3067; x_wconf 86' lang='lat' dir='ltr'>divinari</span> <span class='ocrx_word' id='word_1_178' title='bbox 907 3002 1054 3068; x_wconf 90' lang='lat' dir='ltr'>videatur</span> <span class='ocrx_word' id='word_1_179' title='bbox 1076 3026 1184 3087; x_wconf 87' lang='lat' dir='ltr'>posse.</span> 
     </span>
    </p>
   </div>
   <div class='ocr_carea' id='block_1_12' title="bbox 448 3267 868 3392">
    <p class='ocr_par' dir='ltr' id='par_1_13' title="bbox 448 3267 868 3392">
     <span class='ocr_line' id='line_1_28' title="bbox 448 3267 868 3392; baseline -0.01 0"><span class='ocrx_word' id='word_1_180' title='bbox 448 3267 458 3288; x_wconf 69' lang='grc'><strong>’</strong></span> <span class='ocrx_word' id='word_1_181' title='bbox 485 3310 525 3392; x_wconf 83' lang='lat'>3.</span> <span class='ocrx_word' id='word_1_182' title='bbox 562 3315 602 3386; x_wconf 82' lang='lat' dir='ltr'>u.</span> <span class='ocrx_word' id='word_1_183' title='bbox 631 3314 868 3388; x_wconf 76' lang='lat' dir='ltr'>vnunmus</span> 
     </span>
    </p>
   </div>
   <div class='ocr_carea' id='block_1_13' title="bbox 176 3456 1185 3629">
    <p class='ocr_par' dir='ltr' id='par_1_14' title="bbox 176 3456 1185 3629">
     <span class='ocr_line' id='line_1_29' title="bbox 263 3456 1182 3540; baseline -0.001 -20"><span class='ocrx_word' id='word_1_184' title='bbox 263 3481 298 3520; x_wconf 84' lang='lat' dir='ltr'>ex</span> <span class='ocrx_word' id='word_1_185' title='bbox 329 3460 453 3537; x_wconf 87' lang='lat' dir='ltr'>Apulia,</span> <span class='ocrx_word' id='word_1_186' title='bbox 485 3462 521 3518; x_wconf 92' lang='lat' dir='ltr'>ut</span> <span class='ocrx_word' id='word_1_187' title='bbox 553 3459 684 3534; x_wconf 91' lang='lat' dir='ltr'>videtur,</span> <span class='ocrx_word' id='word_1_188' title='bbox 717 3463 810 3519; x_wconf 87' lang='lat' dir='ltr'>ortus.</span> <span class='ocrx_word' id='word_1_189' title='bbox 865 3457 968 3519; x_wconf 79' lang='lat' dir='ltr'>Cicero</span> <span class='ocrx_word' id='word_1_190' title='bbox 1001 3478 1027 3520; x_wconf 85' lang='lat' dir='ltr'>a.</span> <span class='ocrx_word' id='word_1_191' title='bbox 1055 3456 1182 3540; x_wconf 65' lang='lat' dir='ltr'><em>&#39;IOOJM</em></span> 
     </span>
     <span class='ocr_line' id='line_1_30' title="bbox 176 3539 1185 3629; baseline 0.002 -23"><span class='ocrx_word' id='word_1_192' title='bbox 176 3549 295 3623; x_wconf 88' lang='lat' dir='ltr'>scripsit</span> <span class='ocrx_word' id='word_1_193' title='bbox 318 3543 366 3608; x_wconf 75' lang='grc' dir='ltr'>Ἱι.</span> <span class='ocrx_word' id='word_1_194' title='bbox 386 3549 507 3608; x_wconf 88' lang='lat' dir='ltr'>Valerio</span> <span class='ocrx_word' id='word_1_195' title='bbox 530 3541 758 3608; x_wconf 85' lang='lat' dir='ltr'>iurisconsulto&#39;</span> <span class='ocrx_word' id='word_1_196' title='bbox 787 3539 839 3629; x_wconf 89' lang='lat' dir='ltr'>(ad</span> <span class='ocrx_word' id='word_1_197' title='bbox 863 3541 1076 3626; x_wconf 88' lang='lat' dir='ltr'>fam.1,10),</span> <span class='ocrx_word' id='word_1_198' title='bbox 1104 3549 1185 3608; x_wconf 89' lang='lat' dir='ltr'>idem</span> 
     </span>
    </p>
   </div>
   <div class='ocr_carea' id='block_1_14' title="bbox 0 0 1304 3910">
    <p class='ocr_par' dir='ltr' id='par_1_15' title="bbox 0 0 1304 3910">
     <span class='ocr_line' id='line_1_31' title="bbox 0 0 1304 3910; baseline 0 0"><span class='ocrx_word' id='word_1_199' title='bbox 0 0 1304 3910; x_wconf 95' lang='lat' dir='ltr'> </span> 
     </span>
    </p>
   </div>
  </div>
 </body>
</html>
