2598 3910
368 147 374 156 “
424 172 448 224 1.
471 168 501 220 P.
516 167 683 223 rnuunus
702 166 823 224 vasus
1064 169 1128 233 317

464 326 509 382 De
526 328 622 382 r'uscio
641 329 783 384 conducta.

209 420 260 486 83.
289 418 329 484 D.
346 419 396 504 19,
410 419 440 502 2,
455 419 507 483 30.
543 416 634 482 Idem
658 415 823 506 (Alfenus)
846 419 930 484 libro
953 419 1051 483 tertio
1075 417 1130 483 Di-

119 513 288 595 gestorum
312 531 331 572 a
354 506 455 571 Paulo
480 507 732 590 epitomatornm
755 505 804 592 (P.
823 508 867 573 54
881 506 952 593 pn).
997 505 1131 583 0111111-

120 599 228 664 sulam
250 597 387 680 triginta
409 595 616 679 conduxerat,
639 597 769 682 singule
787 597 959 663 caenacula
980 597 1028 660 ite
1048 597 1131 662 loce·
1174 674 1176 678 Ι

120 689 181 770 vit,
208 689 246 750 ut
273 684 487 770 quadraginta
512 706 551 749 ex
574 685 723 749 omnibus
747 686 986 768 colligerentur.
1031 684 1130 751 domi·

97 777 183 857 'nus
211 775 351 856 insulae,
379 773 455 858 quie
478 772 624 838 aedificia
651 774 766 840 uitium
795 774 900 839 faeere
923 774 1055 856 diceret,
1079 775 1131 838 de·
1185 804 1189 815 ¹

1 855 2 922 ἶ
121 863 271 929 molierat
306 884 387 927 eam.
442 863 624 946 quaesitum
656 866 718 945 est,
750 863 862 947 quanti
894 863 935 927 lis
969 861 1132 926 aestimari

1 963 2 1038 j
121 953 263 1033 deberet,
282 951 310 1016 si
328 952 356 1015 is
376 949 432 1035 qui
448 954 553 1015 totam
572 951 768 1016 conduxerat
786 973 825 1016 ex
841 951 998 1017 conducto
1014 955 1131 1036 ageret.

1 1067 2 1100 i
120 1041 303 1126 respondit,
329 1039 357 1103 si
379 1039 528 1104 vitiatum
552 1040 731 1104 aedificium
753 1041 936 1106 necessario
961 1039 1131 1104 demolitus

1 1167 2 1197 1
122 1133 223 1212 esset,
250 1151 309 1214 pro
336 1127 499 1213 portione,
528 1129 642 1212 quenti
669 1129 817 1194 dominus
847 1129 1053 1214 praediorum
1084 1129 1131 1194 lo·

1 1255 2 1258 ¹
121 1223 229 1284 cesset
255 1217 333 1301 <et>
362 1217 448 1301 quod
475 1217 545 1280 eius
572 1218 727 1300 temporis
755 1217 957 1283 habitatores
984 1218 1132 1283 habitere

120 1330 188 1374 non
206 1307 400 1392 potuissent,
418 1305 578 1378 rationem
597 1305 670 1370 duci
689 1309 722 1370 et
739 1307 824 1371 tanti
842 1307 934 1371 litem
954 1306 1132 1390 aestimari,

121 1397 171 1461 sin
192 1398 301 1460 autem
320 1417 385 1460 non
403 1395 519 1460 fuisset
531 1415 662 1459 necesse
676 1395 832 1478 demoliri,
851 1395 906 1460 sed
925 1395 1001 1480 quia
1016 1395 1132 1460 melius

122 1485 292 1550 aedificare
324 1484 433 1564 vellet,
466 1482 499 1546 id
525 1483 667 1564 fecisset,
689 1485 814 1568 ,quanti
846 1484 1051 1552 conductoris
1084 1484 1132 1548 in-

120 1577 272 1656 teresset,
298 1573 501 1638 habitatores
529 1593 570 1636 ne
598 1572 790 1658 migrarent,
818 1574 902 1637 tenti
925 1572 1132 1638 condemnari

123 1665 282 1748 oportere.

211 1765 248 1824 ef.
272 1764 368 1824 Servii
389 1781 534 1839 response.
558 1764 630 1824 118.

461 1915 506 1969 Dc
524 1915 628 1970 balneis
645 1916 796 1970 conductis.

213 2017 265 2082 84.
293 2013 332 2080 D.
353 2015 408 2100 19,
427 2016 462 2099 2,
480 2015 536 2098 30,
550 2015 585 2090 i.
624 2013 714 2080 Idem
738 2011 905 2102 (Alfenus)
927 2015 1011 2080 libro
1034 2017 1132 2082 tertio

123 2106 336 2193 Digestorum
359 2127 379 2169 a
401 2102 502 2168 Paulo
525 2107 775 2188 epitomatorum
800 2103 848 2188 (P.
862 2103 914 2189 54,
929 2103 973 2192 1).
1010 2101 1133 2170 Aedilis

124 2197 159 2260 in
186 2193 361 2278 municipio
385 2193 516 2257 balneas
540 2193 749 2278 conduxerat,
782 2198 819 2258 ut
845 2214 883 2258 eo
918 2215 1002 2258 anno
1030 2195 1134 2259 muni-

124 2283 212 2369 cipes
245 2282 347 2368 gratis
379 2282 576 2347 lavarentur.
625 2285 701 2366 post
732 2288 799 2348 tres
830 2304 957 2347 menses
985 2283 1134 2350 incendio

125 2373 213 2438 facto
235 2370 403 2456 respondit
424 2391 519 2454 posse
539 2369 594 2455 agi
612 2393 684 2436 cum
703 2371 890 2436 balneatore
909 2393 948 2436 ex
967 2373 1136 2455 conducto,

124 2466 162 2527 ut
189 2482 248 2546 pro
276 2460 425 2544 portione
452 2459 623 2543 temporis,
651 2481 715 2547 quo
738 2460 933 2524 lavationem
955 2481 1021 2525 non
1044 2483 1136 2545 pree·

126 2551 279 2633 stitisset,
301 2548 456 2632 pecuniae
479 2547 676 2612 contributio
699 2546 800 2612 fieret.

473 2705 518 2759 De
534 2705 617 2758 mulis
635 2668 785 2779 corsdcctis.

216 2806 268 2871 85.
295 2804 334 2868 D.
354 2805 410 2888 19,
429 2805 464 2888 2,
483 2805 540 2888 30,
559 2805 589 2868 2.
625 2803 716 2869 Idem
739 2801 907 2890 (Alfenus)
931 2805 1014 2869 libro
1038 2805 1138 2872 tertio

126 2895 337 2980 Digestorum
371 2916 390 2958 a
417 2893 519 2958 Paulo
552 2893 802 2979 epitomatorum
830 2889 880 2980 (P.
902 2892 959 2978 54,
977 2889 1024 2980 2).
1075 2892 1141 2972 Qui

1 2981 2 2994 ¹
127 2984 233 3050 mulas
262 2982 303 3048 ad
329 2985 450 3048 eertum
473 2982 599 3068 pondus
623 2983 730 3048 oneris
752 2981 889 3066 locaret,
918 3003 990 3048 oum
1014 2987 1141 3050 maiore

119 3095 224 3139 onere
252 3071 426 3138 conductor
453 3093 509 3136 eas
535 3073 692 3157 rupisset,
720 3072 908 3137 consulebat
934 3072 973 3136 de
1001 3074 1144 3140 actione.
1192 3126 1196 3132 .

126 3161 295 3246 respondit
326 3160 378 3224 vel
409 3159 480 3245 lege
507 3159 649 3246 Aquilia
669 3162 720 3226 vel
750 3181 789 3225 ex
816 3161 923 3226 locato
950 3165 1037 3225 recte
1065 3177 1145 3228 eum

127 3272 233 3336 agere,
256 3249 312 3314 sed
334 3250 405 3334 lege
427 3245 560 3334 Aquilia
582 3253 710 3314 tentum
733 3271 806 3314 cum
825 3271 862 3314 eo
881 3250 936 3334 agi
954 3271 1060 3333 posse,
1086 3243 1148 3333 qui

127 3344 198 3405 tum
226 3339 331 3404 mulas
359 3337 531 3424 agitasset,
566 3359 605 3404 ex
635 3339 742 3403 locato
776 3337 873 3402 etiam
908 3337 937 3401 si
971 3337 1056 3403 alius
1087 3351 1150 3402 eas

128 3428 283 3511 rupisset,
307 3449 380 3492 cum
403 3426 598 3492 conductore
620 3431 707 3492 recte
731 3427 794 3511 agi.

217 3531 253 3591 cf.
278 3529 375 3591 Servii
397 3547 540 3607 response
565 3531 636 3590 136.
