<?xml version="1.0" encoding="UTF-8"?>
<!DOCTYPE html PUBLIC "-//W3C//DTD XHTML 1.0 Transitional//EN"
    "http://www.w3.org/TR/xhtml1/DTD/xhtml1-transitional.dtd">
<html xmlns="http://www.w3.org/1999/xhtml" xml:lang="en" lang="en">
 <head>
  <title>
</title>
<meta http-equiv="Content-Type" content="text/html;charset=utf-8" />
  <meta name='ocr-system' content='tesseract 3.04.00' />
  <meta name='ocr-capabilities' content='ocr_page ocr_carea ocr_par ocr_line ocrx_word'/>
</head>
<body>
  <div class='ocr_page' id='page_1' title='image "./iurisprudentiae05bremgoog_0289.png"; bbox 0 0 2598 3910; ppageno 0'>
   <div class='ocr_carea' id='block_1_1' title="bbox 287 211 1122 296">
    <p class='ocr_par' dir='ltr' id='par_1_1' title="bbox 287 211 1122 296">
     <span class='ocr_line' id='line_1_1' title="bbox 287 211 1122 296; baseline 0.014 -20"><span class='ocrx_word' id='word_1_1' title='bbox 287 245 292 255; x_wconf 87' lang='lat'><em>·</em></span> <span class='ocrx_word' id='word_1_2' title='bbox 363 211 866 296; x_wconf 75' lang='lat' dir='ltr'><strong>.1e.&lt;a&gt;Auu&#39;1n1usuAuusA</strong></span> <span class='ocrx_word' id='word_1_3' title='bbox 1057 224 1122 288; x_wconf 78' lang='lat'><strong>279</strong></span> 
     </span>
    </p>
   </div>
   <div class='ocr_carea' id='block_1_2' title="bbox 105 386 1119 648">
    <p class='ocr_par' dir='ltr' id='par_1_2' title="bbox 105 386 1119 648">
     <span class='ocr_line' id='line_1_2' title="bbox 105 386 1119 472; baseline -0.002 -20"><span class='ocrx_word' id='word_1_4' title='bbox 105 391 278 472; x_wconf 84' lang='lat' dir='ltr'><strong>tractatur,</strong></span> <span class='ocrx_word' id='word_1_5' title='bbox 302 409 344 452; x_wconf 87' lang='lat' dir='ltr'><strong>an</strong></span> <span class='ocrx_word' id='word_1_6' title='bbox 367 387 473 452; x_wconf 87' lang='lat' dir='ltr'><strong>socius</strong></span> <span class='ocrx_word' id='word_1_7' title='bbox 497 388 642 451; x_wconf 84' lang='lat' dir='ltr'><strong>oninium</strong></span> <span class='ocrx_word' id='word_1_8' title='bbox 666 387 832 468; x_wconf 90' lang='lat' dir='ltr'><strong>bonorum,</strong></span> <span class='ocrx_word' id='word_1_9' title='bbox 857 387 884 452; x_wconf 89' lang='lat' dir='ltr'><strong>si</strong></span> <span class='ocrx_word' id='word_1_10' title='bbox 909 386 984 470; x_wconf 89' lang='lat' dir='ltr'><strong>quid</strong></span> <span class='ocrx_word' id='word_1_11' title='bbox 1008 387 1049 451; x_wconf 94' lang='lat' dir='ltr'><strong>ob</strong></span> <span class='ocrx_word' id='word_1_12' title='bbox 1073 387 1119 450; x_wconf 90' lang='lat' dir='ltr'><strong>in-</strong></span> 
     </span>
     <span class='ocr_line' id='line_1_3' title="bbox 105 475 1119 561; baseline -0.002 -21"><span class='ocrx_word' id='word_1_13' title='bbox 105 477 266 540; x_wconf 89' lang='lat' dir='ltr'><strong>iuriarum</strong></span> <span class='ocrx_word' id='word_1_14' title='bbox 291 477 450 540; x_wconf 88' lang='lat' dir='ltr'><strong>actionem</strong></span> <span class='ocrx_word' id='word_1_15' title='bbox 474 475 645 540; x_wconf 83' lang='lat' dir='ltr'><strong>damnatus</strong></span> <span class='ocrx_word' id='word_1_16' title='bbox 668 476 875 561; x_wconf 83' lang='lat' dir='ltr'><strong>praestiterit,</strong></span> <span class='ocrx_word' id='word_1_17' title='bbox 900 497 939 540; x_wconf 86' lang='lat' dir='ltr'><strong>ex</strong></span> <span class='ocrx_word' id='word_1_18' title='bbox 957 476 1119 540; x_wconf 84' lang='lat' dir='ltr'><strong>communi</strong></span> 
     </span>
     <span class='ocr_line' id='line_1_4' title="bbox 107 561 1118 648; baseline -0.001 -19"><span class='ocrx_word' id='word_1_19' title='bbox 107 568 327 648; x_wconf 80' lang='lat' dir='ltr'><strong>consequatur</strong></span> <span class='ocrx_word' id='word_1_20' title='bbox 345 567 382 629; x_wconf 91' lang='lat' dir='ltr'><strong>ut</strong></span> <span class='ocrx_word' id='word_1_21' title='bbox 400 567 553 648; x_wconf 86' lang='lat' dir='ltr'><strong>praestet.</strong></span> <span class='ocrx_word' id='word_1_22' title='bbox 585 567 619 628; x_wconf 90' lang='lat' dir='ltr'><strong>et</strong></span> <span class='ocrx_word' id='word_1_23' title='bbox 638 565 812 629; x_wconf 76' lang='lat' dir='ltr'><strong>Atilicinus</strong></span> <span class='ocrx_word' id='word_1_24' title='bbox 831 562 970 629; x_wconf 83' lang='lat' dir='ltr'><strong>Sabinus</strong></span> <span class='ocrx_word' id='word_1_25' title='bbox 986 561 1118 628; x_wconf 80' lang='lat' dir='ltr'><strong>Cassius</strong></span> 
     </span>
    </p>
   </div>
   <div class='ocr_carea' id='block_1_3' title="bbox 25 647 1233 738">
    <p class='ocr_par' dir='ltr' id='par_1_3' title="bbox 25 647 1233 738">
     <span class='ocr_line' id='line_1_5' title="bbox 25 647 1233 738; baseline -0.002 -20"><span class='ocrx_word' id='word_1_26' title='bbox 25 719 28 726; x_wconf 87' lang='lat'><em>.</em></span> <span class='ocrx_word' id='word_1_27' title='bbox 106 653 422 737; x_wconf 84' lang='lat' dir='ltr'><strong>responderunt</strong></span> <span class='ocrx_word' id='word_1_28' title='bbox 446 653 496 718; x_wconf 91' lang='lat' dir='ltr'><strong>cui</strong></span> <span class='ocrx_word' id='word_1_29' title='bbox 520 655 678 738; x_wconf 80' lang='lat' dir='ltr'><strong>congruit,</strong></span> <span class='ocrx_word' id='word_1_30' title='bbox 707 657 792 737; x_wconf 86' lang='lat' dir='ltr'><strong>quod</strong></span> <span class='ocrx_word' id='word_1_31' title='bbox 816 653 961 718; x_wconf 82' lang='lat' dir='ltr'><strong>Servium</strong></span> <span class='ocrx_word' id='word_1_32' title='bbox 985 647 1117 736; x_wconf 80' lang='lat' dir='ltr'><strong>respon·</strong></span> <span class='ocrx_word' id='word_1_33' title='bbox 1228 715 1233 724; x_wconf 86' lang='grc'>,</span> 
     </span>
    </p>
   </div>
   <div class='ocr_carea' id='block_1_4' title="bbox 106 741 1118 1092">
    <p class='ocr_par' dir='ltr' id='par_1_4' title="bbox 106 741 1118 1092">
     <span class='ocr_line' id='line_1_6' title="bbox 109 741 1116 825; baseline 0.001 -21"><span class='ocrx_word' id='word_1_34' title='bbox 109 741 197 807; x_wconf 86' lang='lat' dir='ltr'><strong>disse</strong></span> <span class='ocrx_word' id='word_1_35' title='bbox 216 742 362 806; x_wconf 82' lang='lat' dir='ltr'><strong>Aufidius</strong></span> <span class='ocrx_word' id='word_1_36' title='bbox 386 742 493 825; x_wconf 87' lang='lat' dir='ltr'><strong>refert,</strong></span> <span class='ocrx_word' id='word_1_37' title='bbox 517 743 546 806; x_wconf 88' lang='lat' dir='ltr'><strong>si</strong></span> <span class='ocrx_word' id='word_1_38' title='bbox 569 743 648 806; x_wconf 88' lang='lat' dir='ltr'><strong>socii</strong></span> <span class='ocrx_word' id='word_1_39' title='bbox 671 743 831 808; x_wconf 87' lang='lat' dir='ltr'><strong>bonorum</strong></span> <span class='ocrx_word' id='word_1_40' title='bbox 850 742 1116 825; x_wconf 66' lang='lat' dir='ltr'><strong>fuerintdeinde</strong></span> 
     </span>
     <span class='ocr_line' id='line_1_7' title="bbox 108 831 1118 914; baseline 0 -20"><span class='ocrx_word' id='word_1_41' title='bbox 108 853 203 908; x_wconf 89' lang='lat' dir='ltr'><strong>unus,</strong></span> <span class='ocrx_word' id='word_1_42' title='bbox 226 852 298 906; x_wconf 87' lang='lat' dir='ltr'><strong>cum</strong></span> <span class='ocrx_word' id='word_1_43' title='bbox 320 831 361 895; x_wconf 89' lang='lat' dir='ltr'><strong>ad</strong></span> <span class='ocrx_word' id='word_1_44' title='bbox 379 831 531 895; x_wconf 88' lang='lat' dir='ltr'><strong>iudicium</strong></span> <span class='ocrx_word' id='word_1_45' title='bbox 549 852 616 895; x_wconf 87' lang='lat' dir='ltr'><strong>non</strong></span> <span class='ocrx_word' id='word_1_46' title='bbox 635 831 768 914; x_wconf 82' lang='lat' dir='ltr'><strong>adesset,</strong></span> <span class='ocrx_word' id='word_1_47' title='bbox 791 831 961 896; x_wconf 85' lang='lat' dir='ltr'><strong>damnatus</strong></span> <span class='ocrx_word' id='word_1_48' title='bbox 982 832 1035 914; x_wconf 89' lang='lat' dir='ltr'><strong>sit,</strong></span> <span class='ocrx_word' id='word_1_49' title='bbox 1052 853 1118 894; x_wconf 89' lang='lat' dir='ltr'><strong>non</strong></span> 
     </span>
     <span class='ocr_line' id='line_1_8' title="bbox 106 919 1117 1004; baseline 0.001 -21"><span class='ocrx_word' id='word_1_50' title='bbox 106 919 225 984; x_wconf 86' lang='lat' dir='ltr'><strong>debere</strong></span> <span class='ocrx_word' id='word_1_51' title='bbox 250 941 322 984; x_wconf 88' lang='lat' dir='ltr'><strong>eum</strong></span> <span class='ocrx_word' id='word_1_52' title='bbox 345 921 383 984; x_wconf 90' lang='lat' dir='ltr'><strong>de</strong></span> <span class='ocrx_word' id='word_1_53' title='bbox 403 919 564 996; x_wconf 78' lang='lat' dir='ltr'><strong>communi</strong></span> <span class='ocrx_word' id='word_1_54' title='bbox 586 919 619 984; x_wconf 92' lang='lat' dir='ltr'><strong>id</strong></span> <span class='ocrx_word' id='word_1_55' title='bbox 640 921 803 1004; x_wconf 81' lang='lat' dir='ltr'><strong>consequi,</strong></span> <span class='ocrx_word' id='word_1_56' title='bbox 823 921 851 984; x_wconf 88' lang='lat' dir='ltr'><strong>si</strong></span> <span class='ocrx_word' id='word_1_57' title='bbox 871 942 946 986; x_wconf 87' lang='lat' dir='ltr'><strong>vero</strong></span> <span class='ocrx_word' id='word_1_58' title='bbox 965 941 1117 1004; x_wconf 83' lang='lat' dir='ltr'><strong>praesens</strong></span> 
     </span>
     <span class='ocr_line' id='line_1_9' title="bbox 106 1007 1118 1092; baseline 0.003 -21"><span class='ocrx_word' id='word_1_59' title='bbox 106 1008 262 1072; x_wconf 84' lang='lat' dir='ltr'><strong>iniuriam</strong></span> <span class='ocrx_word' id='word_1_60' title='bbox 289 1007 402 1072; x_wconf 89' lang='lat' dir='ltr'><strong>iudicis</strong></span> <span class='ocrx_word' id='word_1_61' title='bbox 430 1029 545 1092; x_wconf 85' lang='lat' dir='ltr'><strong>passus</strong></span> <span class='ocrx_word' id='word_1_62' title='bbox 575 1009 630 1086; x_wconf 83' lang='lat' dir='ltr'><strong>sit,</strong></span> <span class='ocrx_word' id='word_1_63' title='bbox 659 1009 697 1072; x_wconf 88' lang='lat' dir='ltr'><strong>de</strong></span> <span class='ocrx_word' id='word_1_64' title='bbox 723 1009 884 1073; x_wconf 89' lang='lat' dir='ltr'><strong>communi</strong></span> <span class='ocrx_word' id='word_1_65' title='bbox 908 1008 1118 1074; x_wconf 79' lang='lat' dir='ltr'><strong>sarciendam.</strong></span> 
     </span>
    </p>
   </div>
   <div class='ocr_carea' id='block_1_5' title="bbox 198 1182 1170 1367">
    <p class='ocr_par' dir='ltr' id='par_1_5' title="bbox 198 1182 1170 1367">
     <span class='ocr_line' id='line_1_10' title="bbox 493 1182 730 1238; baseline 0.008 -2"><span class='ocrx_word' id='word_1_66' title='bbox 493 1182 537 1237; x_wconf 85' lang='lat' dir='ltr'><strong>De</strong></span> <span class='ocrx_word' id='word_1_67' title='bbox 556 1183 730 1238; x_wconf 79' lang='lat' dir='ltr'><strong>commodato.</strong></span> 
     </span>
     <span class='ocr_line' id='line_1_11' title="bbox 198 1281 1170 1367; baseline -0.001 -20"><span class='ocrx_word' id='word_1_68' title='bbox 198 1284 227 1348; x_wconf 89' lang='lat'><strong>8.</strong></span> <span class='ocrx_word' id='word_1_69' title='bbox 252 1283 289 1347; x_wconf 90' lang='lat' dir='ltr'><strong>D.</strong></span> <span class='ocrx_word' id='word_1_70' title='bbox 306 1284 356 1364; x_wconf 86' lang='lat'><strong>13,</strong></span> <span class='ocrx_word' id='word_1_71' title='bbox 367 1285 396 1367; x_wconf 80' lang='lat'><strong>6,</strong></span> <span class='ocrx_word' id='word_1_72' title='bbox 406 1283 436 1366; x_wconf 87' lang='lat'><strong>5,</strong></span> <span class='ocrx_word' id='word_1_73' title='bbox 448 1285 476 1348; x_wconf 80' lang='lat'><strong>7.</strong></span> <span class='ocrx_word' id='word_1_74' title='bbox 517 1281 678 1367; x_wconf 81' lang='lat' dir='ltr'><strong>Ulpianus</strong></span> <span class='ocrx_word' id='word_1_75' title='bbox 701 1285 784 1348; x_wconf 88' lang='lat' dir='ltr'><strong>libro</strong></span> <span class='ocrx_word' id='word_1_76' title='bbox 803 1283 979 1349; x_wconf 84' lang='lat' dir='ltr'><strong>vicensimo</strong></span> <span class='ocrx_word' id='word_1_77' title='bbox 999 1287 1115 1347; x_wconf 83' lang='lat' dir='ltr'><strong>octavo</strong></span> <span class='ocrx_word' id='word_1_78' title='bbox 1167 1317 1170 1322; x_wconf 21' lang='grc' dir='ltr'><strong>Δ</strong></span> 
     </span>
    </p>
   </div>
   <div class='ocr_carea' id='block_1_6' title="bbox 7 1369 1219 1546">
    <p class='ocr_par' dir='ltr' id='par_1_6' title="bbox 7 1369 1219 1546">
     <span class='ocr_line' id='line_1_12' title="bbox 7 1369 1115 1459; baseline 0.001 -24"><span class='ocrx_word' id='word_1_79' title='bbox 7 1445 10 1458; x_wconf 13' lang='grc' dir='ltr'><em>Ῥ</em></span> <span class='ocrx_word' id='word_1_80' title='bbox 108 1371 148 1436; x_wconf 91' lang='lat' dir='ltr'><strong>ad</strong></span> <span class='ocrx_word' id='word_1_81' title='bbox 168 1372 308 1437; x_wconf 87' lang='lat' dir='ltr'><strong>edictum</strong></span> <span class='ocrx_word' id='word_1_82' title='bbox 326 1369 374 1459; x_wconf 90' lang='lat' dir='ltr'><strong>(P.</strong></span> <span class='ocrx_word' id='word_1_83' title='bbox 389 1371 477 1456; x_wconf 75' lang='lat'>802).</span> <span class='ocrx_word' id='word_1_84' title='bbox 582 1371 609 1436; x_wconf 89' lang='lat' dir='ltr'><strong>si</strong></span> <span class='ocrx_word' id='word_1_85' title='bbox 629 1394 756 1437; x_wconf 86' lang='lat' dir='ltr'><strong>servum</strong></span> <span class='ocrx_word' id='word_1_86' title='bbox 774 1373 835 1437; x_wconf 87' lang='lat' dir='ltr'><strong>tibi</strong></span> <span class='ocrx_word' id='word_1_87' title='bbox 854 1377 1012 1438; x_wconf 89' lang='lat' dir='ltr'><strong>tectorem</strong></span> <span class='ocrx_word' id='word_1_88' title='bbox 1031 1393 1115 1436; x_wconf 91' lang='lat' dir='ltr'><strong>com-</strong></span> 
     </span>
     <span class='ocr_line' id='line_1_13' title="bbox 106 1461 1219 1546; baseline -0.001 -21"><span class='ocrx_word' id='word_1_89' title='bbox 106 1461 280 1526; x_wconf 86' lang='lat' dir='ltr'><strong>modavero</strong></span> <span class='ocrx_word' id='word_1_90' title='bbox 309 1467 341 1526; x_wconf 87' lang='lat' dir='ltr'><strong>et</strong></span> <span class='ocrx_word' id='word_1_91' title='bbox 369 1461 408 1526; x_wconf 87' lang='lat' dir='ltr'><strong>de</strong></span> <span class='ocrx_word' id='word_1_92' title='bbox 436 1461 585 1526; x_wconf 85' lang='lat' dir='ltr'><strong>machina</strong></span> <span class='ocrx_word' id='word_1_93' title='bbox 613 1461 775 1546; x_wconf 86' lang='lat' dir='ltr'><strong>ceciderit,</strong></span> <span class='ocrx_word' id='word_1_94' title='bbox 803 1463 981 1546; x_wconf 89' lang='lat' dir='ltr'><strong>periculum</strong></span> <span class='ocrx_word' id='word_1_95' title='bbox 1007 1483 1115 1526; x_wconf 86' lang='lat' dir='ltr'><strong>meum</strong></span> <span class='ocrx_word' id='word_1_96' title='bbox 1216 1523 1219 1532; x_wconf 82' lang='grc'><strong>,</strong></span> 
     </span>
    </p>
   </div>
   <div class='ocr_carea' id='block_1_7' title="bbox 107 1547 435 1616">
    <p class='ocr_par' dir='ltr' id='par_1_7' title="bbox 107 1547 435 1616">
     <span class='ocr_line' id='line_1_14' title="bbox 107 1547 435 1616; baseline 0 -2"><span class='ocrx_word' id='word_1_97' title='bbox 107 1571 177 1615; x_wconf 88' lang='lat' dir='ltr'><strong>esse</strong></span> <span class='ocrx_word' id='word_1_98' title='bbox 207 1547 353 1616; x_wconf 84' lang='lat' dir='ltr'><strong>Namusa</strong></span> <span class='ocrx_word' id='word_1_99' title='bbox 380 1551 435 1614; x_wconf 87' lang='lat' dir='ltr'><strong>ait.</strong></span> 
     </span>
    </p>
   </div>
   <div class='ocr_carea' id='block_1_8' title="bbox 360 1706 789 1784">
    <p class='ocr_par' dir='ltr' id='par_1_8' title="bbox 360 1706 789 1784">
     <span class='ocr_line' id='line_1_15' title="bbox 360 1706 789 1784; baseline 0.005 -25"><span class='ocrx_word' id='word_1_100' title='bbox 360 1711 362 1714; x_wconf 83' lang='lat'>&#39;</span> <span class='ocrx_word' id='word_1_101' title='bbox 439 1707 483 1760; x_wconf 81' lang='lat' dir='ltr'><strong>De</strong></span> <span class='ocrx_word' id='word_1_102' title='bbox 502 1707 559 1761; x_wconf 79' lang='lat' dir='ltr'><strong>titis</strong></span> <span class='ocrx_word' id='word_1_103' title='bbox 578 1706 789 1784; x_wconf 73' lang='lat' dir='ltr'><strong>contestatione?</strong></span> 
     </span>
    </p>
   </div>
   <div class='ocr_carea' id='block_1_9' title="bbox 105 1776 1231 2050">
    <p class='ocr_par' dir='ltr' id='par_1_9' title="bbox 105 1776 1231 2050">
     <span class='ocr_line' id='line_1_16' title="bbox 196 1776 1231 1891; baseline 0.002 -22"><span class='ocrx_word' id='word_1_104' title='bbox 196 1806 226 1870; x_wconf 86' lang='lat'><strong>9.</strong></span> <span class='ocrx_word' id='word_1_105' title='bbox 254 1776 408 1871; x_wconf 66' lang='lat' dir='ltr'><strong>Priscian.</strong></span> <span class='ocrx_word' id='word_1_106' title='bbox 428 1807 501 1890; x_wconf 76' lang='grc'><em>8,,4,</em></span> <span class='ocrx_word' id='word_1_107' title='bbox 518 1808 558 1873; x_wconf 83' lang='lat'><strong>18</strong></span> <span class='ocrx_word' id='word_1_108' title='bbox 584 1806 749 1891; x_wconf 83' lang='lat' dir='ltr'><strong>p.384H.</strong></span> <span class='ocrx_word' id='word_1_109' title='bbox 777 1843 819 1852; x_wconf 88' lang='lat'><em>-</em></span> <span class='ocrx_word' id='word_1_110' title='bbox 848 1807 883 1871; x_wconf 84' lang='lat' dir='ltr'><strong>P.</strong></span> <span class='ocrx_word' id='word_1_111' title='bbox 901 1805 1063 1870; x_wconf 74' lang='lat' dir='ltr'><strong>Aufidius:</strong></span> <span class='ocrx_word' id='word_1_112' title='bbox 1088 1808 1118 1872; x_wconf 62' lang='lat' dir='ltr'><strong>si·</strong></span> <span class='ocrx_word' id='word_1_113' title='bbox 1227 1785 1231 1792; x_wconf 82' lang='grc'>’</span> 
     </span>
     <span class='ocr_line' id='line_1_17' title="bbox 105 1896 1118 1986; baseline 0 -26"><span class='ocrx_word' id='word_1_114' title='bbox 105 1897 175 1977; x_wconf 77' lang='lat' dir='ltr'><strong>quis</strong></span> <span class='ocrx_word' id='word_1_115' title='bbox 198 1897 262 1960; x_wconf 81' lang='lat' dir='ltr'><strong>olio</strong></span> <span class='ocrx_word' id='word_1_116' title='bbox 284 1896 434 1960; x_wconf 67' lang='lat' dir='ltr'><strong>vocitatur</strong></span> <span class='ocrx_word' id='word_1_117' title='bbox 456 1898 580 1961; x_wconf 78' lang='lat' dir='ltr'><strong>nomiae</strong></span> <span class='ocrx_word' id='word_1_118' title='bbox 598 1901 750 1986; x_wconf 74' lang='lat' dir='ltr'><strong>tumeam</strong></span> <span class='ocrx_word' id='word_1_119' title='bbox 769 1897 1118 1978; x_wconf 64' lang='lat' dir='ltr'><strong>inconsummate</strong></span> 
     </span>
     <span class='ocr_line' id='line_1_18' title="bbox 105 1984 400 2050; baseline -0.003 -1"><span class='ocrx_word' id='word_1_120' title='bbox 105 1985 181 2050; x_wconf 78' lang='lat' dir='ltr'><strong>otim</strong></span> <span class='ocrx_word' id='word_1_121' title='bbox 203 1984 400 2050; x_wconf 82' lang='lat' dir='ltr'><strong>vocitabatur.</strong></span> 
     </span>
    </p>
   </div>
   <div class='ocr_carea' id='block_1_10' title="bbox 0 0 1304 3910">
    <p class='ocr_par' dir='ltr' id='par_1_10' title="bbox 0 0 1304 3910">
     <span class='ocr_line' id='line_1_19' title="bbox 0 0 1304 3910; baseline 0 0"><span class='ocrx_word' id='word_1_122' title='bbox 0 0 1304 3910; x_wconf 95' lang='lat' dir='ltr'><strong> </strong></span> 
     </span>
    </p>
   </div>
  </div>
 </body>
</html>
