2588 3908
184 169 249 233 208
287 169 333 225 VI.
356 167 491 223 OOTAVI
511 167 609 224 SADG.
628 167 724 222 IURIS
746 165 1057 222 censuissemus
1076 167 1192 222 PRIMA

182 331 378 415 faenerares,
412 332 557 416 quamvis
590 352 661 395 earn
689 331 719 394 ei
748 335 895 406 mutuam
924 330 1047 394 dederis
1078 354 1097 395 a
1129 354 1191 415 quo

183 442 311 486 servare
325 442 391 486 non
405 422 559 504 potueris,
577 443 643 485 non
657 423 766 484 tamen
780 419 915 485 habebis
930 419 1079 484 mandati
1093 421 1192 486 aetio-

181 532 288 574 nem.
304 515 391 574 ..et
414 509 492 574 adeo
517 510 646 574 haeet
619 511 772 590 it,asunt
794 513 831 573 ut
850 513 1023 614 quaeratur
1042 531 1084 572 an
1103 532 1192 573 man·

182 599 250 663 dati
225 603 387 663 tteneat
374 604 427 663 tur
460 599 515 682 qui
545 597 710 662 mandarit
696 559 812 680 ttibi,
845 602 882 660 ut
909 586 972 660 Tit
949 602 995 662 t1o
1022 598 1194 682 pecuniam

183 689 375 752 faenerares.
415 688 498 768 [sed]
515 685 644 751 Servius
664 687 810 770 negavit,
834 707 893 750 neo
912 685 1017 770 magis
1037 688 1099 751 hoo
1118 709 1195 752 easu

184 776 418 861 obligationem
446 777 623 840 consistere
651 797 694 858 pu
695 775 789 852 tavit,
818 796 915 858 quam
944 775 972 838 si
998 777 1195 858 generaliter

188 865 286 930 alicui
309 865 441 929 mandet
427 869 493 943 t,ur
516 866 565 928 uti
539 863 757 948 tpeouniam
781 885 873 928 suam
897 863 1084 930 faeneraret.

489 1039 536 1097 De
558 1041 734 1113 sepultorum
755 1039 886 1112 pesttoue.

276 1149 348 1213 311
372 1148 409 1212 D.
428 1149 458 1233 3,
473 1148 502 1232 5,
516 1149 560 1212 20
570 1171 616 1232 pr
648 1146 768 1212 Paulus
786 1147 871 1213 libro
890 1169 977 1213 nono
997 1147 1036 1211 ad
1056 1149 1196 1216 edietum

185 1235 234 1324 (P.
256 1237 412 1322 191)...
428 1199 590 1302 .Sdrvius
614 1236 791 1320 respondit,
813 1242 851 1300 ut
873 1241 924 1301 est
946 1237 1086 1302 relatum
1110 1241 1197 1323 apud

186 1326 338 1390 Alfenum
371 1287 453 1390 libro
485 1325 674 1409 trigensimo
707 1347 791 1390 nono
819 1324 1041 1410 Digestorum:
1075 1349 1148 1392 eum
1178 1352 1197 1393 a

184 1415 348 1479 Lusitanis
385 1419 452 1478 tres
491 1415 579 1498 eapti
615 1419 724 1479 essent
756 1418 789 1477 et
821 1436 904 1478 unus
937 1435 975 1478 ea
1007 1416 1196 1482 condicione

184 1506 318 1587 missus,
354 1504 403 1567 uti
439 1503 609 1588 pecuniam
646 1525 705 1586 pro
742 1503 846 1566 tribus
880 1503 1033 1589 adferret,
1070 1509 1102 1569 et
1133 1507 1198 1571 nisi

184 1593 331 1676 redisset,
354 1597 390 1656 ut
409 1593 471 1657 duo
490 1614 550 1676 pro
570 1613 607 1656 eo
628 1612 754 1676 quoque
773 1593 942 1674 peouniam
961 1591 1084 1678 darent,
1104 1595 1197 1679 isque

184 1682 302 1746 reverti
334 1681 492 1746 noluisset
524 1686 557 1745 et
588 1682 629 1745 ob
663 1681 746 1744 hano
776 1702 906 1744 oausam
934 1681 983 1744 illi
1010 1705 1070 1766 pro
1098 1685 1197 1750 tertio

185 1792 311 1855 quoque
331 1772 499 1854 pecuniam
519 1769 704 1834 solvissent:
725 1767 854 1834 Servius
873 1770 1040 1853 respondit
1059 1794 1198 1857 aequum

188 1881 258 1924 essa
281 1863 464 1944 praetorem
487 1860 521 1943 in
545 1880 617 1922 eum
639 1857 770 1921 reddere
794 1857 955 1922 iudicium.
1070 1876 1073 1880 ·

565 2025 611 2082 De
634 2024 817 2098 commodato.

273 2133 347 2198 132.
380 2131 418 2196 D.
444 2133 499 2215 13,
518 2133 551 2216 6,
571 2134 653 2216 5,,7.
704 2131 864 2217 Ulpianus
902 2133 984 2198 libro
1018 2135 1197 2202 vicensimo

187 2224 301 2286 octavo
326 2221 366 2284 ad
391 2221 528 2286 edietum
552 2219 601 2306 (P.
621 2217 711 2308 802).
752 2222 780 2285 si
804 2244 931 2286 servum
954 2223 1014 2286 tibi
1037 2227 1197 2290 tectorem

187 2309 432 2374 commodavero
453 2315 486 2373 et
501 2311 539 2374 de
554 2311 704 2377 maehina
718 2311 878 2389 ceciderit,
893 2311 1071 2395 perieulum
1087 2337 1197 2379 meum

185 2421 254 2462 esse
278 2396 424 2463 Namusa
447 2400 502 2465 ait.

274 2501 370 2561 Servii
398 2521 575 2578 responsum
597 2503 762 2563 Namusam
789 2503 929 2562 retulisse
954 2504 1117 2565 verisimile
1142 2512 1198 2566 est.

276 2613 348 2679 133.
371 2611 410 2676 D.
426 2613 478 2696 19,
488 2613 517 2696 5,
528 2614 579 2679 23.
607 2612 761 2678 Alfenum
775 2615 858 2678 libro
872 2613 969 2678 tertio
985 2611 1199 2699 Digestorum

187 2701 320 2766 aPaulo
341 2702 407 2785 epit
409 2709 590 2766 omatorum
608 2701 658 2788 (P.
671 2703 738 2789 56).
771 2702 843 2767 Duo
863 2702 1037 2767 seeundum
1052 2702 1198 2769 Tiberim

187 2812 258 2854 eum
279 2792 491 2874 ambularent,
510 2792 555 2854 alt
542 2796 591 2855 ter
610 2813 720 2856 eorum
728 2792 777 2944 tei,
799 2792 854 2876 qui
874 2812 982 2856 seeum
997 2795 1200 2878 ambulabat,
1282 2801 1283 2808 ’

186 2882 319 2961 rogatus
354 2879 485 2942 anulum
519 2881 727 2962 ostenditu
705 2880 959 2964 utrespieeret·
995 2881 1045 2944 illi
1077 2844 1200 2948 excidii

187 2966 394 3030 anuluset'
349 2971 419 3030 tm
442 2967 584 3030 Tiberim
609 2968 778 3032 devolutus
806 2973 863 3032 est.
910 2969 1077 3052 respondit
1100 2993 1200 3055 posse
1281 3003 1282 3010 ¹

187 3057 240 3140 agi
264 3077 336 3119 oum
361 3076 398 3118 eo
423 3055 456 3118 in
480 3056 546 3119 feet
533 3059 601 3119 tum
626 3056 759 3120 actione.

525 3230 572 3288 De
595 3231 704 3289 delictis
721 3232 856 3303 priuatis.

617 3338 660 3392 De
677 3338 770 3404 fartis.

278 3439 348 3503 134.
379 3437 417 3503 D.
436 3438 488 3519 47,
507 3438 537 3520 2,
556 3437 607 3504 58.
641 3437 775 3503 Alfenus
799 3438 882 3502 libro
907 3443 1021 3523 quarto
1046 3439 1201 3526 Digesto·

187 3550 258 3591 rum
279 3550 297 3592 a
312 3527 413 3592 Paulo
434 3527 683 3610 epitomatorum
698 3525 747 3612 (P.
758 3524 824 3613 67).
854 3525 888 3591 si
905 3533 1010 3594 cretae
1025 3527 1200 3594 fodiundae
