2614 3914
171 215 237 279 390
270 215 342 270 vlu.
357 213 492 270 OCTAVI
507 213 713 270 sancionis
728 212 898 270 CONSULT.
910 213 1032 269 sanias
1048 213 1185 271 TERTIA

169 383 316 442 Proculus
343 375 555 463 probamus’),
586 383 677 442 aliam
704 382 885 458 improbavit
914 375 963 463 (D.
983 385 1034 458 32,
1056 386 1130 461 100,
1151 387 1184 462 2,

170 473 207 531 cf.
225 471 262 530 D.
281 474 376 548 24,1,
397 465 463 552 64).
508 472 640 548 Pegasus
663 471 840 531 Trebatium
867 475 987 531 secutus
1013 475 1059 531 est
1083 467 1184 553 (‘Tre-

169 560 271 619 batius
290 563 321 620 et
339 555 484 638 Pegasus'
504 560 540 619 D.
555 563 648 636 41,1,
662 552 729 639 40),
749 559 870 620 Priscus
886 561 1041 620 Fulcinius
1060 580 1184 637 respon·

170 667 238 708 sum
261 649 324 708 eius
348 649 458 709 falsum
481 649 628 710 iudicavit
649 641 699 730 (D.
715 651 766 725 31,
780 651 832 726 40,
848 651 880 708 2:
905 644 1016 709 ‘Labeo
1040 649 1134 710 refert
1154 697 1184 712 ..

170 738 346 797 Trebatium
369 738 569 815 respondisse,
594 737 673 815 quod
697 785 725 798 ..
750 737 870 798 Priscus
891 739 1046 798 Fulcinius
1068 739 1184 799 falsum

169 845 233 886 esse
256 818 392 906 aiebat').

258 915 416 976 Iavolenus
439 915 559 974 Priscus
581 915 613 973 in
636 915 730 993 libris,
753 933 826 994 quos
850 934 887 974 ex
908 914 1057 975 Labeonis
1080 920 1183 993 poste-

169 1003 300 1062 rioribus
324 1004 465 1080 confecit,
487 1004 599 1063 multas
623 1005 687 1063 eius
711 1005 873 1063 sententias
896 1004 1044 1082 probavit,
1067 1006 1183 1066 multas

169 1093 281 1152 reiecit.
331 1093 490 1169 utriusque
522 1093 641 1169 generis
669 1092 749 1152 dicta
776 1093 824 1151 hic
852 1092 1003 1152 001100011.
1054 1088 1183 1155 ‘Treba-

168 1181 229 1240 tius
256 1181 412 1257 respcndit
510 1183 610 1242 Labeo
634 1181 768 1241 Trebatii
794 1181 972 1241 sententiam
995 1183 1105 1258 probat

168 1269 248 1329 idem
271 1273 302 1328 01
325 1289 380 1348 ego
404 1273 435 1329 et
457 1270 602 1330 Proculus
625 1263 803 1346 probamus'
826 1270 861 1329 D.
883 1271 978 1346 35,1‚
997 1273 1050 1331 40.
1096 1265 1183 1331 ‘Tre-

166 1358 268 1417 batius
296 1362 388 1436 negat
412 1403 471 1418 ...
495 1359 596 1419 Labeo
625 1362 813 1419 0011110...
837 1359 972 1418 Trebatii
999 1361 1183 1420 sententiam

166 1439 272 1523 probo'
296 1447 332 1507 D.
353 1450 404 1520 28,
420 1449 449 1524 8,
465 1451 519 1521 11,
547 1443 724 1508 ‘Trebatius
752 1451 844 1526 negat
941 1447 1041 1508 Labeo
1065 1455 1182 1524 contra,

166 1536 311 1595 Proculus
345 1536 426 1613 quod
453 1537 562 1597 Labeo.
612 1557 667 1615 ego
696 1536 830 1596 Trebatii
861 1537 1041 1595 sententiam
1068 1534 1182 1613 probo'

166 1624 203 1683 D.
224 1627 279 1701 26,
299 1628 332 1701 2,
352 1627 407 1701 33,
436 1619 591 1702 ‘respondi
707 1626 787 1684 idem
816 1628 847 1684 01
875 1620 1047 1684 Trebatius'
1070 1625 1107 1684 D.
1128 1629 1181 1703 30,

167 1715 210 1774 30
224 1734 281 1791 pr.;
313 1709 466 1790 ‘respondi
574 1715 654 1790 quod
681 1719 712 1774 01
740 1707 916 1773 Trebatius’
944 1713 979 1774 D.
1001 1716 1054 1790 33,
1074 1716 1103 1791 8,
1124 1718 1181 1793 22,

166 1797 316 1863 ‘existimo
415 1804 496 1880 quod
524 1807 555 1862 et
577 1803 737 1863 Trebatius
760 1797 926 1878 respoudit'
949 1803 984 1862 D.
1005 1805 1055 1880 32,
1075 1805 1127 1876 30,
1145 1808 1180 1881 2,

68 1934 72 1943 .
166 1885 1180 1970 ‘LabeoTrebatiusresponderunt,quodverumest'D.33,100‚4;

165 1975 278 2040 ‘Labeo
294 1982 453 2040 Trebatius
472 1983 590 2057 putant,
609 1981 699 2057 idque
718 1999 823 2039 verum
842 1972 900 2040 est'
915 1980 951 2040 D.
967 1983 1018 2056 24,
1031 1983 1060 2058 3,
1077 1983 1128 2056 66,
1144 1984 1180 2059 2,

164 2064 184 2128 ³.
195 2115 220 2129 ..
235 2068 341 2129 Ofilius
355 2070 407 2128 ait.
430 2069 530 2129 Labeo
550 2067 713 2128 Cascellius
733 2069 893 2128 Trebatius
908 2112 961 2142 ...,
976 2069 1056 2146 quod
1070 2089 1178 2129 verum

164 2153 251 2236 puto'
276 2158 312 2217 D.
328 2160 378 2234 33,
395 2162 423 2234 7,
439 2160 494 2234 28,
524 2152 635 2216 ‘Labeo
659 2156 816 2216 Trebatius
840 2202 869 2217 ..
892 2161 1002 2233 putant
1025 2201 1090 2234 ...,
1119 2157 1179 2218 Ca-

165 2246 285 2304 scellius
308 2251 418 2305 contra.
465 2246 613 2306 Labeonis
639 2246 818 2305 sententiam
841 2239 948 2322 probo'
967 2247 1005 2304 'D.
1026 2247 1078 2326 33,
1100 2250 1128 2328 7,
1143 2251 1179 2324 4,

163 2328 281 2393 ‘Labeo
305 2333 463 2393 Trebatius
491 2337 600 2410 putant
706 2335 751 2393 ita
777 2334 808 2392 id
835 2354 940 2394 verum
963 2337 1050 2412 puto,
1079 2336 1106 2394 si
1128 2331 1176 2396 ..'

163 2423 202 2483 D.
221 2423 277 2500 33,
293 2425 321 2499 7,
341 2424 391 2482 26.
441 2422 494 2482 ubi
525 2422 683 2484 Iavolenus
717 2422 851 2483 Trebatii
884 2423 1047 2483 sententias
1079 2425 1177 2500 reicit,

162 2512 339 2589 plerumque
376 2515 429 2572 aut
460 2512 630 2574 Labeonem
666 2515 720 2572 aut
752 2513 912 2572 Proculum
949 2513 1177 2573 dissentientem

163 2601 307 2677 sequitur.
354 2595 530 2660 ‘Cascellius
554 2601 712 2661 Trebatius
735 2605 847 2680 negant
866 2645 872 2660 .
888 2648 916 2661 ..
938 2601 1037 2660 Labeo
1060 2601 1092 2660 id
1115 2621 1178 2662 non

162 2689 272 2766 probat
386 2691 533 2750 Labeonis
562 2691 711 2750 sententia
738 2709 810 2750 vera
836 2684 898 2748 est'
930 2689 965 2748 D.
986 2691 1041 2765 32,
1060 2693 1101 2751 20
1118 2711 1177 2768 pr.;

162 2773 345 2838 ‘Cascellius
376 2782 466 2855 putat
582 2777 687 2839 Ofilius
716 2779 876 2838 Trebatius
909 2781 1022 2838 contra.
1072 2779 1176 2840 Labeo

164 2866 301 2925 Cascellii
334 2868 514 2926 sententiam
544 2868 665 2943 probat,
698 2868 778 2943 quod
810 2886 915 2928 verum
947 2860 1046 2944 puto',
1065 2867 1102 2927 D.
1123 2870 1177 2942 32,

164 2957 295 3030 100,1,
324 2949 498 3015 ‘Trebatius
527 2956 627 3015 aiebat
725 2953 831 3015 Ofilius
862 2954 1025 3016 Cascellius
1054 2956 1175 3017 Tubero

162 3033 214 3102 ζ..
243 3043 343 3102 Labeo
375 3043 407 3101 id
438 3044 546 3120 probat
577 3044 667 3120 idque
698 3064 805 3104 10111111
837 3037 895 3104 est'
923 3045 958 3104 D.
980 3046 1177 3123 33,6,7,11.,

160 3133 199 3193 cf.
218 3132 254 3194 D.
269 3135 321 3210 40,
338 3135 365 3209 7,
381 3134 432 3206 39,
447 3126 676 3209 4,·’Τ1011011110
700 3177 730 3192 ..
753 3133 908 3208 respondit
927 3180 933 3192 .
949 3178 978 3193 ..
997 3133 1050 3192 sed
1068 3153 1176 3194 verum

163 3225 222 3298 est,
254 3221 332 3298 quod
364 3220 510 3281 Proculus
543 3223 575 3281 et
604 3215 752 3282 Caecilius
785 3215 910 3298 putant'
938 3222 973 3281 D.
993 3223 1097 3300 24,1,
1119 3225 1175 3299 64,

160 3303 334 3370 ‘Trebatius
442 3313 543 3389 putat,
571 3311 717 3371 Proculus
740 3355 816 3385 ...,.
833 3311 913 3388 quod
935 3313 966 3370 et
988 3330 1093 3372 10111111
1117 3307 1176 3372 001’

160 3397 198 3460 D.
218 3401 273 3476 32,
294 3402 371 3477 100,
387 3402 415 3459 2.
461 3419 676 3477 nonnunquam
707 3400 756 3460 vel
783 3399 918 3460 Trebatii
949 3400 999 3459 101
1026 3399 1175 3461 Labeonis

161 3487 354 3566 Trebatiique
383 3497 571 3549 communem
598 3489 777 3549 sententiam
804 3489 924 3566 proprio
947 3487 1046 3547 Marte
1073 3489 1175 3550 reicit:

159 3567 300 3636 ‘Blaesus
328 3579 372 3636 ait
395 3577 570 3637 Trebatium
597 3578 785 3655 respondisse
894 3597 949 3656 ego
977 3577 1034 3636 hcc
1061 3578 1176 3638 falsum
