2598 3910
429 155 686 247 repressus
704 191 826 248 venus
1067 183 1132 257 313
1218 201 1220 205 ’

431 379 478 437 De
501 380 639 452 emptione
660 379 828 438 venditione.

486 495 531 548 De
548 495 636 568 fondo
654 495 770 550 vendito.

216 596 326 670 6611).
338 603 389 686 18,
401 604 428 687 1,
438 603 482 669 40
488 626 535 688 pr.
556 602 676 668 Paulus
690 603 774 668 libro
789 606 905 688 quarto
920 604 1134 686 epitomarum

126 693 239 758 Alfeni
261 690 471 778 Digestorum
495 688 545 779 (P.
559 687 627 777 62).
668 691 730 768 Qui
752 691 887 757 fundum
911 691 1079 770 vendebat,
1101 693 1135 756 in
1158 767 1161 774 Ι

69 852 72 858 ,
126 784 199 868 lege
218 782 266 846 ita
284 783 417 866 dixerat,
438 786 474 846 ut
492 785 620 864 emptor
638 781 673 844 in
693 780 805 845 diebus
824 781 961 864 triginta
979 779 1134 866 proximis

126 871 262 936 fundum
291 870 459 938 metiretur
482 874 515 934 et
537 870 576 934 de
598 870 694 936 modo
717 870 930 951 renuntiaret,
953 877 986 934 et
1009 870 1046 952 si
1060 873 1135 936 ante

127 981 199 1025 eam
223 959 306 1025 diem
330 981 395 1024 non
417 959 644 1042 renuntiasset,
667 961 705 1022 ut
727 957 903 1024 venditoris
925 958 1004 1024 fides
1028 960 1134 1024 soluta

127 1052 222 1114 esset.
277 1052 403 1132 emptor
439 1048 525 1112 intra
561 1047 646 1112 diem
678 1069 847 1112 mensurae
880 1069 943 1132 quo
975 1047 1135 1114 minorem

127 1138 261 1203 modum
289 1153 359 1202 esse
387 1136 523 1202 eredidit
544 1137 744 1200 renuntiavit
766 1140 799 1200 et
821 1137 990 1220 pecuniam
1013 1159 1073 1222 pro
1097 1159 1134 1200 eo

128 1225 263 1309 aceepit.
285 1230 402 1309 postea
416 1247 488 1290 eum
503 1225 638 1290 fundum
652 1225 806 1307 mancipio
821 1224 923 1290 dedit1
933 1231 1051 1292 etcum
1065 1226 1135 1311 ipse

128 1314 269 1399 emptori
293 1337 351 1379 suo
375 1315 594 1397 admetiretur,
617 1315 719 1378 multo
740 1314 897 1379 minorem
915 1315 1046 1380 modum
1065 1315 1137 1400 agri

7 1439 9 1456 ·
128 1425 226 1488 quam
245 1407 415 1486 putaverat
432 1402 564 1467 invenit.
606 1401 790 1486 quaerebat,
813 1425 854 1466 an
874 1403 906 1490 id
926 1405 1010 1488 quod
1030 1403 1136 1468 minor

7 1507 9 1530 ³
127 1493 157 1557 is
186 1495 273 1558 esset
300 1492 452 1576 consequi
480 1513 499 1556 a
526 1511 584 1556 suo
612 1490 776 1556 venditore
804 1495 923 1574 posset.
971 1493 1138 1577 respondit

7 1625 8 1628 =
130 1582 300 1666 interesse,
328 1580 597 1665 quemadmodum
630 1580 682 1642 lex
713 1579 879 1644 diceretur.
924 1602 1000 1645 nem
1024 1577 1059 1645 ¹si
1090 1582 1139 1646 ita

128 1669 251 1734 dietum
288 1673 386 1751 esset,
423 1673 459 1733 ut
496 1672 623 1752 emptor
659 1667 772 1732 diebus
808 1669 947 1754 triginta
982 1670 1137 1752 proximis

128 1758 264 1824 fundum
287 1759 442 1823 metiatur
464 1759 498 1822 et
521 1756 651 1822 domino
675 1757 850 1839 renuntiet,
878 1761 1000 1840 quanto
1024 1758 1137 1824 modus

130 1847 201 1933 agri
218 1847 324 1912 minor
339 1846 390 1928 sit,
409 1867 472 1930 quo
487 1849 562 1930 post
575 1845 661 1908 diem
675 1845 900 1930 trigensimum
914 1847 1138 1932 renuntiasset,

128 1935 212 2000 nihil
230 1936 260 2000 ei
279 1935 493 2019 profuturum,
512 1934 567 1998 sed
588 1934 616 1998 si
634 1934 682 1998 ita
697 1939 829 2018 paetum
849 1939 943 2017 esset,
961 1938 998 1999 ut
1012 1939 1140 2020 emptor

129 2025 166 2104 in
188 2025 301 2089 diebus
324 2024 480 2108 proximis
503 2023 640 2088 fundum
664 2023 817 2088 metiatur
840 2027 873 2087 et
896 2023 934 2088 de'
953 2023 1048 2088 modo
1069 2025 1140 2110 agri

129 2114 302 2192 renuntiet,
321 2117 354 2177 et
372 2113 401 2178 si
418 2114 453 2176 in
472 2111 585 2176 diebus
600 2114 736 2197 triginta
749 2113 969 2178 renuntiasset
981 2113 1137 2177 minorem

130 2202 261 2268 modum
291 2201 363 2286 egri
390 2223 474 2285 esse,
506 2201 655 2286 quumvis
682 2201 794 2266 multis
821 2207 897 2286 post
925 2203 1017 2267 annis
1043 2223 1139 2286 posse

6 2353 8 2358 ,
131 2313 204 2357 eum
228 2312 290 2374 quo
314 2290 420 2355 minor
442 2289 471 2354 is
494 2289 609 2354 modus
633 2289 705 2374 agri
728 2290 843 2356 fuisset
864 2295 1020 2374 repetere.

111 2399 114 2404 ’
202 2409 216 2456 1
243 2402 318 2458 Teii).
337 2401 473 2457 vendidit.
595 2417 598 2423 “

221 2513 273 2577 61.
301 2509 416 2595 1121,
434 2511 468 2594 2,
489 2509 542 2576 45.
586 2509 677 2574 Idem
710 2509 877 2596 (Alfenus)
910 2511 993 2576 libro
1024 2516 1140 2596 quarto

6 2633 7 2638 ¹
131 2601 340 2686 Digestorum
371 2598 513 2664 ePsulo
537 2597 786 2682 epitomatorem
809 2595 859 2685 (P.
878 2595 946 2686 63).
992 2599 1054 2676 Qui
1072 2600 1142 2664 fun·
1202 2639 1205 2648 ,

131 2691 207 2755 dum
234 2690 389 2774 moompio
417 2685 565 2752 dederat¹
593 2687 740 2772 iugerum
768 2691 906 2770 certum,
932 2687 1014 2752 fines
1038 2689 1141 2753 multo

132 2778 272 2864 amplius
296 2778 433 2861 emptori
456 2775 744 2841 demonstraverat.
785 2776 812 2841 si
836 2776 912 2860 quid
935 2797 974 2840 ex
995 2777 1047 2842 his
1070 2777 1141 2841 fini-

6 2873 8 2878 '
130 2868 192 2932 bus
220 2867 432 2948 evinceretur,
460 2886 519 2950 pro
548 2865 693 2930 bonitate
720 2865 788 2930 eius
814 2865 954 2948 emptori
977 2871 1141 2949 praestan-

130 2955 209 3110 {turp
233 2957 288 3107 apt,
306 2955 451 3038 quemvis
475 2954 508 3019 id
527 2953 613 3038 quod
631 2954 866 3040 relinqueretur
885 2957 1014 3020 eentum
1032 2957 1143 3041 iugera
1229 2953 1232 2960 ’

155 3067 174 3111 a
199 3065 275 3109 ere.
834 3073 836 3079 ¹

205 3154 219 3202 1
244 3147 320 3202 Teio.
341 3145 504 3201 tradiderat.

223 3257 275 3321 68.
307 3254 345 3320 D.
371 3256 425 3337 18,
446 3256 554 3340 1,18,
575 3257 602 3321 1.
649 3255 846 3341 Pomponius
874 3255 959 3330 libro
987 3277 1074 3321 nono
1102 3257 1142 3321 ed

135 3344 293 3412 Sabinum
312 3343 361 3430 (P.
376 3343 467 3429 547).
505 3343 540 3410 si
563 3365 672 3410 servus
692 3346 727 3408 in
746 3343 1003 3408 demonstrandis
1023 3343 1144 3410 domini

91 3469 94 3476 ·
133 3435 224 3500 iussu
257 3431 395 3498 finibus1
426 3433 498 3517 agri
526 3433 650 3498 venditi
676 3433 726 3498 vel
754 3440 860 3497 errore
888 3433 939 3496 vel
967 3432 1042 3498 dolo
1070 3434 1143 3518 plus

209 3572 222 3618 1
247 3563 284 3620 F.
303 3563 410 3620 domini
428 3562 506 3618 iussu
524 3561 553 3616 in
572 3563 795 3618 demonstrandis
813 3561 923 3616 finibus.
