2588 3908
181 210 246 274 220
282 209 329 265 VI.
351 207 484 264 ocuavl
503 206 601 264 SAEO.
620 185 722 263 IUltlS¹
736 207 908 264 CONSULT.
928 208 1051 264 sumus
1070 211 1182 267 PRIMA

269 377 356 449 Quod
374 376 495 438 Servius
515 376 666 452 Sulpicius
688 376 797 435 urbani
819 377 966 452 praetoris
990 377 1087 439 officio
1106 379 1188 439 sunc-

182 470 232 526 tus
250 486 311 527 non
329 471 384 544 est,
407 465 528 526 minime
547 467 658 542 obstat,
677 485 744 524 curn
763 465 888 525 eximiae
907 467 1096 527 auctoritatis
1113 469 1188 528 iuris

180 556 317 616 consulto
340 555 433 616 variis
456 555 551 615 modis
574 554 642 613 iura
665 553 791 613 condere
814 554 927 614 liceret.

344 767 397 826 IV.
425 768 655 844 Reprehensa
679 765 874 827 Scaevolae
897 767 1025 843 capita.

271 892 358 951 Hunc
381 891 452 950 libri
473 891 598 950 titulum
620 891 722 969 fuisse,
746 909 782 949 ex
801 889 891 950 Gellii
908 891 1008 951 verbis
1027 884 1190 975 (4,1,20)

154 981 157 986 '
181 984 340 1057 procerte
365 981 458 1040 statui
480 980 593 1056 nequit.
639 979 752 1038 Paulus
776 974 893 1039 ‘notata
916 973 1024 1039 Mucii'
1047 982 1191 1042 nominat.

141 1121 144 1129 i
182 1069 319 1130 Servium
347 1070 385 1128 ad
410 1068 484 1128 iuris
508 1069 604 1130 civilis
626 1070 746 1127 tantum
770 1067 803 1138 Q.
822 1068 915 1127 Mucii
937 1069 1043 1145 libros,
1071 1089 1133 1129 non
1155 1071 1192 1131 ad
1273 1101 1274 1106 1

180 1158 293 1218 librum
315 1155 394 1238 ὅρων
416 1161 504 1217 notas
525 1157 688 1233 scripsisse,
710 1157 795 1216 nulle
812 1156 920 1216 idonea
937 1157 1054 1218 ratione
1073 1162 1192 1234 putant.
1273 1189 1274 1194 ¹

181 1246 278 1307 Servii
304 1246 382 1306 liber
405 1246 621 1323 comparandus
644 1249 772 1305 estnon
795 1249 856 1304 tam
875 1247 1110 1324 commentariis,
1129 1247 1192 1326 'qui

180 1336 219 1396 ad
237 1335 373 1411 priorum
391 1335 466 1394 iuris
485 1335 691 1394 consultorum
708 1334 802 1393 libros
821 1335 983 1410 conscripti
1001 1339 1079 1409 sunt,
1102 1355 1192 1413 quam

100 1493 102 1499 λ
180 1424 281 1501 potius
313 1424 413 1502 libris,
446 1424 498 1501 qui
525 1425 562 1483 ad
591 1423 720 1483 aliorum
747 1423 860 1498 scripta
887 1426 975 1483 notas
1002 1424 1194 1499 addiderunt,

181 1513 285 1591 quales
308 1513 364 1572 sub
387 1512 572 1589 principibus
595 1513 779 1588 scripserunt
797 1511 895 1571 Titius
913 1511 1016 1572 Aristo
1040 1514 1078 1572 ad
1097 1511 1193 1573 Cassii

180 1601 255 1661 iuris
293 1601 390 1662 civilis
426 1603 518 1661 libros
555 1604 586 1660 et
621 1600 783 1660 Marcellus
820 1600 859 1659 ad
890 1601 1048 1678 Pomponii
1082 1602 1194 1662 librum

181 1690 364 1767 singularem
383 1690 576 1769 Regularum.
616 1690 672 1748 hoc
695 1701 766 1766 ergo
788 1688 934 1748 librorum
953 1708 1049 1767 genus
1069 1689 1193 1751 Servius
1238 1735 1240 1742 .

180 1779 311 1841 novavit.

589 1867 643 1924 ‘Dc
665 1867 774 1940 leuata

273 1989 300 2051 1.
324 1985 402 2050 Gell.
416 1986 447 2069 4,
460 1986 549 2068 1,17.
564 2019 607 2030 -
623 1982 777 2059 Quintum
797 1981 985 2050 Scaevolam
1005 1985 1046 2050 ad
1064 1986 1195 2052 demon·
1276 2049 1277 2066 ,

182 2074 350 2140 strandum
373 2095 491 2156 penum
513 2073 564 2136 his
586 2072 693 2137 verbis
716 2095 810 2137 usum
834 2073 939 2138 audio.
984 2074 1100 2159 ‘penus
1123 2075 1194 2160 est',
1275 2083 1277 2152 ἑ

183 2163 298 2246 inquit,
322 2160 418 2244 ‘quod
437 2162 635 2245 esculentum
655 2164 712 2226 aut
730 2163 954 2245 posculentum
973 2166 1023 2228 est
1039 2162 1095 2229 ...'
1115 2165 1194 2247 <sed
1276 2207 1277 2212 κ

181 2251 381 2333 improbasse
408 2250 488 2314 haec
516 2247 583 2314 Ser.
608 2249 800 2334 Sulpicium,
832 2250 888 2334 qui
915 2249 966 2316 ‘at
990 2273 1053 2317 noa
1080 2253 1195 2332 omne',

182 2338 302 2422 inquit,
334 2337 431 2419 ‘quod
460 2359 528 2404 esus
554 2343 702 2420 potusque
728 2358 824 2405 cauea
847 2345 999 2422 paratam
1027 2339 1128 2425 est,>¹
1159 2348 1196 2408 ut

182 2428 309 2492 Mucius
330 2429 390 2506 ait,
410 2447 509 2510 penus
530 2429 628 2493 vidui
649 2429 739 2494 debet.
783 2448 858 2492 nam
881 2449 959 2510 quac
980 2431 1024 2494 cd
1043 2431 1194 2496 edendum

181 2517 398 2600 bibendumque
429 2518 463 2582 in
490 2517 555 2583 dies
581 2517 719 2600 cinyreius
739 2517 872 2599 mandit
899 2522 955 2582 oret
980 2539 1070 2584 cenae
1097 2539 1195 2586 causo

178 2611 348 2689 parantur,
372 2627 470 2689 penus
496 2627 560 2672 ooo
586 2612 672 2685 eunt,
699 2607 753 2673 sed
772 2626 809 2670 ea
826 2607 949 2692 potius,
971 2628 1049 2689 quae
1070 2607 1195 2674 huiusce

179 2697 299 2778 pencris
326 2695 432 2779 lcnpoc
457 2697 576 2761 naonis
600 2696 706 2778 pratia
731 2695 954 2760 conculcato
975 2701 1004 2760 et
1025 2699 1193 2763 recondun-

182 2789 247 2867 tur,
270 2805 307 2849 ec
329 2805 361 2850 co
383 2787 465 2866 quod
485 2805 547 2850 noc
569 2785 605 2849 in
622 2788 777 2867 promptu,
800 2782 894 2867 <sed>
917 2785 1001 2850 intus
1024 2791 1052 2850 et
1067 2788 1194 2868 penitus

181 2872 365 2955 habeantur,
381 2893 481 2954 penus
502 2874 584 2938 dicto
606 2872 704 2937 sunt'.

271 2960 301 3024 2.
328 2959 368 3024 Ι).
383 2961 435 3038 33,
449 2961 480 3042 9,
494 2963 524 3044 3,
539 2962 568 3026 6.
600 2959 759 3045 Ulpianus
778 2960 861 3026 libro
880 2962 1192 3028 vicesimosecundo

183 3047 224 3112 ad
244 3045 398 3112 Sabinum
418 3045 467 3134 (P.
487 3045 598 3135 2641).
619 3085 657 3095 -
680 3050 734 3114 sed
759 3049 844 3135 quod
867 3050 1005 3115 diximus
1028 3050 1118 3116 ‘usus
1142 3051 1192 3116 sui

184 3135 292 3222 gratia
319 3137 486 3220 paratum'
519 3137 739 3222 accipiendum
768 3138 830 3202 erit
856 3143 889 3203 et
917 3140 1094 3204 amicorum
1123 3141 1193 3205 eius

183 3229 217 3290 et
240 3224 406 3290 clientium
429 3231 463 3291 et
485 3226 718 3311 universorum,
741 3248 821 3311 quos
839 3227 922 3292 circa
941 3249 976 3292 se
994 3228 1104 3313 habet,
1126 3250 1193 3293 non

184 3315 283 3379 etiam
308 3314 377 3379 eius
400 3313 551 3398 familiae,
576 3337 672 3399 quam
695 3337 799 3400 neque
823 3316 908 3381 eirca
932 3337 1088 3400 seneque
1107 3317 1194 3382 circa

184 3425 259 3468 auos
280 3401 404 3489 hebet[,
426 3408 506 3489 puta
525 3405 552 3468 si
572 3404 628 3488 qui
647 3409 723 3470 sunt
742 3407 780 3472 in,
794 3404 880 3469 villis
900 3404 1070 3489 deputati].
1111 3427 1192 3491 quos

254 3583 268 3630 1
289 3578 438 3634 Mommsen
455 3581 539 3651 symb.
559 3579 809 3650 Betim-Helium.
842 3579 893 3633 obl.
908 3595 938 3648 p.
952 3584 997 3634 91.
