2588 3908
179 179 245 244 206
282 179 328 236 Vl.
351 179 487 236 OCTAVI
506 181 605 238 SAEC.
621 183 721 238 ¹IURIS
741 183 914 240 OO‘NSULT.
930 181 1056 236 anama
1075 183 1191 237 PRIMA
1283 235 1285 246 ⁴

489 342 532 396 De
551 345 615 398 aede
632 345 762 410 socienda
781 346 877 400 locata.

270 434 342 498 123.
371 433 411 499 D.
432 434 526 521 19‚·2,
546 435 597 518 30,
612 435 640 499 3.
682 433 772 500 Idem
794 433 960 522 (Alfenus)
983 435 1068 500 libro
1092 437 1190 501 tertio

179 523 387 607 Digestorum
406 547 426 588 a
445 523 546 587 Paulo
566 523 815 608 epitomatorem
834 523 882 609 (P.
897 523 963 609 54).
997 523 1060 600 Qui
1080 524 1190 588 aedem

178 612 359 677 faciendam
386 613 563 694 locaverat,
591 615 625 676 in
648 614 720 698 lege
744 612 881 678 (linere-t:
902 613 1027 698 ¹‘quoad
1050 612 1086 676 in
1109 635 1190 696 opus

178 701 295 784 lapidis
323 723 403 785 opus
433 702 507 779 erit,
535 723 595 786 pro
623 702 730 785 lapide
759 706 792 766 et
813 703 1017 786 manupretio
1042 701 1190 766 dominus

174 789 375 874 redemptori
397 789 430 853 in
453 790 549 872 pedes
571 791 717 875 singulos
736 792 884 856 sestertios
902 788 1053 873 sabaoc
1071 789 1189 856 dabit':

179 879 360 962 quaesitum
375 881 433 960 est,
447 882 555 942 utrum
570 879 693 944 factum
708 902 788 964 opus
800 902 840 944 an
851 881 949 944 etiem
964 879 1189 964 imperfectum
1283 925 1285 970 ,

178 969 285 1032 metiri
310 971 483 1051 oporteret.
529 967 695 1051 respondit
719 969 816 1032 etiam
839 969 1071 1052 imperfectum.
1284 971 1285 992 *

247 1085 262 1132 1
290 1079 401 1134 Triton.
421 1083 538 1149 septem.

450 1203 494 1258 De
511 1206 645 1260 mercibus
661 1207 788 1262 cotardia
807 1205 910 1260 locatis.

267 1297 338 1361 124.
363 1295 401 1360 D.
418 1297 467 1378 14,
481 1297 511 1374 2,
522 1297 543 1360 2
553 1320 600 1379 pr.
622 1295 713 1362 Idem
728 1293 878 1383 (Paulus)
893 1295 977 1361 libro
992 1295 1186 1382 brigensimo

177 1390 291 1471 quarto
316 1386 355 1449 ad
380 1385 519 1450 edictum
538 1384 587 1470 (P.
601 1383 691 1474 521).
732 1383 767 1452 si
790 1387 960 1451 laborante
981 1407 1064 1450 nave
1083 1387 1186 1452 iaetus

175 1476 279 1540 factus
295 1477 352 1559 est,
371 1474 562 1540 amissarum
577 1478 731 1540 mercium
746 1474 876 1556 domiui,
891 1475 919 1538 si
935 1495 1055 1540 meroes
1069 1475 1187 1540 vehen-

174 1564 233 1628 das
261 1563 461 1648 locaverant,
488 1585 526 1627 ex
554 1563 660 1628 locato
690 1587 761 1629 cum
788 1563 946 1646 magistro
970 1565 1064 1628 navis
1089 1585 1186 1648 agere

176 1653 306 1717 debent:
328 1653 356 1716 is
381 1653 493 1716 deiude
517 1674 588 1736 eum
612 1652 756 1738 reliquis,
779 1674 915 1738 quorum
934 1673 1056 1716 merces
1076 1655 1183 1718 salvae

175 1745 260 1820 sunt,
284 1763 322 1806 ex
346 1741 511 1824 conduct0,
533 1745 571 1804 ut
594 1740 822 1805 detrimentum
844 1763 903 1824 pro
927 1741 1075 1824 portione
1100 1761 1184 1807 com·

176 1831 363 1914 municetur,
382 1852 477 1915 agere
495 1833 614 1913 potest.
649 1827 779 1894 Servius
794 1878 819 1896 ..
833 1829 1002 1912 respondit
1021 1852 1059 1893 ex
1077 1831 1183 1896 locato

175 1942 270 2005 agere
294 1942 366 1984 cum
386 1919 544 2002 magistro
562 1918 654 1981 navis
675 1917 798 2002 debere,
823 1922 860 1982 ut
878 1922 1058 1984 ceterorum
1078 1923 1183 1985 vecto·

174 2031 245 2072 rum
265 2030 385 2072 merces
403 2009 550 2079 retineat,
569 2007 668 2070 donee
686 2007 871 2090 portionem
888 2007 996 2070 damni
1009 2013 1182 2091 praestent.

264 2097 336 2160 125.
368 2095 405 2159 D.
422 2095 471 2176 14,
486 2097 516 2179 2,
532 2095 561 2158 7.
597 2093 718 2159 Paulus
741 2095 824 2160 libro
848 2097 945 2160 tertio
969 2097 1183 2180 epitomarum

173 2185 281 2248 Alfeni
305 2183 513 2267 Digestorum
537 2182 585 2268 (P.
605 2179 672 2269 55).
719 2181 800 2248 Cum
829 2184 981 2268 depressa
1009 2184 1100 2249 navis
1127 2191 1183 2251 aut

173 2273 297 2336 deiecta
321 2275 413 2354 esset,
437 2272 521 2354 quod
546 2272 681 2356 quisque
701 2294 738 2336 ex
757 2295 795 2336 ea
815 2295 907 2337 suum
926 2279 1097 2356 servasset,
1121 2276 1182 2340 sibi

173 2383 299 2425 servare
322 2361 500 2444 respondit,
523 2364 679 2446 tanquam
703 2383 742 2425 ex
765 2361 922 2428 inccndio.

264 2450 336 2514 126.
364 2448 402 2514 D.
423 2449 476 2532 14,
492 2451 526 2531 2,
541 2451 574 2532 2,
590 2451 618 2516 3.
664 2450 754 2514 Idem
778 2447 927 2538 (Paulus)
951 2450 1034 2516 libro
1059 2453 1181 2538 trigen-

173 2538 254 2605 simo
279 2544 392 2624 quarto
417 2540 456 2604 ad
481 2539 621 2604 edictum
646 2536 694 2626 (P.
714 2535 804 2626 521).
850 2538 884 2603 Si
906 2539 999 2604 navis
1023 2562 1043 2604 a
1065 2540 1181 2625 piratis

171 2629 336 2713 redempta
370 2629 425 2712 sit,
457 2627 585 2694 Servius
614 2623 727 2694 Ofilius
756 2627 861 2693 Labeo
897 2649 1008 2693 omnes
1037 2629 1181 2694 conferre

172 2717 287 2783 debere
302 2711 405 2782 aiunt:
420 2718 504 2802 quod
519 2739 594 2782 vero
608 2717 785 2802 praedones
801 2717 1007 2800 abstulerint,
1021 2740 1094 2783 eum
1107 2741 1181 2803 per-

171 2805 245 2870 dere
265 2807 354 2872 euius
373 2806 501 2889 fuerint,
519 2828 578 2870 nec
597 2805 825 2870 conferendum
840 2807 879 2889 ei,
899 2807 953 2892 qui
968 2827 1043 2870 suas
1058 2829 1180 2873 merces

171 2894 350 2959 redemerit.

572 2988 619 3046 De
641 2990 779 3047 societate.

261 3097 333 3162 127.
370 3095 409 3160 D.
434 3097 484 3178 17,
503 3098 537 3180 2,
560 3097 617 3180 52,
637 3097 688 3162 18.
741 3096 830 3162 Idem
863 3095 1054 3186 (Ulpianus)
1094 3099 1179 3166 libro
1283 3101 1285 3196 J

170 3186 359 3270 trigensimo
392 3187 497 3269 primo
531 3186 570 3250 ad
603 3187 742 3250 edietum
776 3186 823 3270 (P.
848 3187 954 3272 922⁰).
1004 3210 1065 3253 ..·.
1092 3189 1179 3272 apud
1283 3199 1285 3218 ¹

170 3280 293 3341 veteres
317 3279 485 3360 tractatur,
506 3295 546 3340 au
571 3276 677 3340 socius
701 3277 844 3342 omnium
863 3277 1031 3355 bonorum,
1054 3277 1082 3341 si
1102 3277 1179 3362 quid

171 3365 212 3429 ob
232 3363 420 3428 iniuriarum
441 3364 600 3428 actionem
621 3364 792 3428 damnatus
810 3365 1018 3448 praestiterit,
1037 3387 1076 3428 ex
1094 3389 1179 3430 com-

170 3453 261 3516 muni
289 3455 503 3535 consequatur
529 3457 566 3516 ut
588 3457 740 3536 praestet.
787 3460 819 3516 et
842 3453 1013 3516 Atilicinus
1038 3450 1178 3518 Sabinus

171 3540 301 3606 Cassius
320 3541 555 3623 responderunt
636 3542 688 3606 cui
706 3543 857 3626 congruit
873 3541 957 3625 quod
1030 3540 1178 3606 Servium
1283 3579 1285 3616 4
