2602 3912
160 167 203 233 36
249 165 295 224 ΠΙ,
320 165 466 222 SEPTIMI
485 164 583 220 SAEO.
602 164 697 222 IllllIS
717 163 890 223 CONSULT.
909 164 1033 221 SERIES
1052 165 1168 221 PRIMA

158 329 385 414 philosophiae
418 329 538 413 scripta
570 332 686 393 essent.
742 329 803 394 hoo
834 329 919 394 idem
955 328 1055 393 tradit
1092 328 1167 394 Piso

159 417 335 484 Censorius
363 418 469 502 primo
497 417 816 501 commentariorum,
840 417 895 482 aad
918 417 1019 506 libros
1044 422 1167 502 septem

162 508 243 572 iuris
271 505 430 592 pontificii
452 505 651 592 totidemque
674 505 910 591 Pythagoricos
933 505 1047 590 fuisse,
1070 505 1169 571 Tudi·

160 599 259 661 tanus
281 596 380 660 tertio
403 591 556 660 deoumo¹
578 593 705 660 Numae
729 595 928 661 decretorum
950 594 1058 660 fuisse.

477 769 527 827 Ex
553 768 707 828 incertis
734 768 851 829 libris.

247 879 277 944 4.
301 878 442 944 Maerob.
460 879 700 962 sat.1‚16‚32.
722 915 767 924 -
790 878 905 944 harum
923 875 1170 966 (nundinarum)

160 967 320 1053 originem
342 967 472 1052 quidem
495 966 635 1032 Romulo
660 967 847 1052 adsignant,
877 989 973 1054 quam
996 968 1171 1034 eommuni-

161 1060 234 1122 eato
257 1077 358 1140 regno
383 1077 455 1121 euru
478 1054 551 1120 Tito
576 1055 670 1120 Tatio
694 1056 859 1122 sacrifieiis
884 1061 917 1122 et
940 1056 1171 1122 sodalitatibus

160 1146 319 1210 institutis
355 1144 516 1210 nundinas
554 1165 681 1230 qaoque
718 1144 871 1211 adiecisse
908 1151 1172 1230 commemorant,

162 1235 247 1299 siout
268 1233 448 1298 Tuditanus
472 1232 633 1298 adfirmat.

249 1322 279 1387 5.
310 1320 427 1388 Ascon.
451 1322 492 1387 ad
514 1318 644 1409 (Cicer.)
668 1321 792 1388 Gornel.
816 1346 847 1408 p.
867 1323 908 1388 76
934 1321 988 1388 Or.
1003 1323 1046 1389 68
1063 1321 1102 1388 K.
1130 1360 1170 1368 -

159 1409 309 1476 Getarum
332 1411 463 1495 quidam
485 1432 551 1476 non
574 1410 654 1476 duos
677 1412 826 1478 tribunos
849 1411 968 1497 plebis,
995 1417 1031 1476 ut
1055 1409 1168 1476 Cicero
1287 1451 1288 1494 3

159 1500 251 1586 dicit,
287 1499 343 1564 sed
380 1500 520 1586 quinque
552 1500 684 1565 tradunt
716 1504 842 1566 creatos
875 1504 943 1565 tum
978 1497 1026 1585 (in
1059 1505 1169 1565 monta
1287 1503 1288 1548 l

159 1585 269 1676 sauro)
288 1610 367 1672 esse,
386 1589 532 1673 singulos
549 1610 587 1652 ex
605 1589 741 1674 siugulis
759 1589 927 1654 classibus.
955 1592 1031 1653 sunt
1049 1594 1170 1672 tamen,

159 1677 215 1762 qui
251 1677 387 1742 eundem
422 1678 513 1742 illum
550 1676 685 1744 duorum
721 1699 890 1742 numerum
927 1698 1021 1762 quem
1053 1675 1168 1743 Cicero
1264 1687 1267 1694 “

158 1771 296 1851 ponant,
323 1768 410 1831 inter
436 1788 517 1851 quos
545 1763 724 1831 Tuditanus
752 1771 785 1830 et
813 1766 1009 1850 Pomponius
1040 1765 1169 1832 Atticus

160 1854 269 1920 Livius
292 1877 418 1941 quoque
440 1859 561 1920 noster.
597 1855 682 1918 idem
703 1854 756 1919 hie
775 1858 808 1919 et
826 1853 1004 1920 Tuditanus
1024 1855 1169 1938 adiciunt

159 1947 226 2009 tres
255 1948 422 2028 praeterea
452 1944 492 2008 ab
522 1942 588 2008 illis
619 1943 744 2008 duobus
774 1943 836 2008 sibi
866 1944 1007 2029 collegas
1038 1947 1166 2010 creatos

159 2054 239 2097 esse.
274 2031 408 2096 nomina
430 2030 566 2096 duorum
585 2032 641 2116 qui
660 2032 755 2115 primi
774 2033 873 2096 creati
892 2037 977 2115 sunt,
1001 2031 1081 2097 haee
1101 2036 1169 2098 tra-

161 2121 294 2184 dunturt
319 2119 355 2185 L.
378 2118 520 2184 Licinius
543 2119 577 2184 L.
605 2120 627 2184 f.
652 2119 815 2204 Bellutus‚
842 2121 876 2187 L.
900 2121 1053 2186 Albinius
1087 2119 1125 2187 O.
1148 2122 1170 2188 f.

166 2208 363 2273 Paterculus.

590 2327 749 2336 ————

267 2472 334 2554 12.
372 2479 409 2562 Q.
437 2477 612 2552 MUOIUS
641 2477 885 2551 SOAEVOLA
913 2478 1077 2551 AUGUR

165 2625 255 2682 natus
274 2621 391 2682 circiter
406 2615 554 2702 593s161‚
573 2641 631 2684 eos.
647 2617 795 2701 637s117,
814 2624 950 2683 mortuus
963 2627 1033 2700 post
1048 2618 1175 2703 666s88.

257 2744 545 2808 Oieerossrut.102
570 2741 699 2807 ‘Mucius
723 2749 822 2806 autem
847 2765 997 2824 augur..
1021 2750 1176 2808 oratorum
1285 2767 1286 2774 ³

169 2834 201 2892 in
222 2853 346 2894 numero
370 2835 518 2913 nonfuit,
543 2836 617 2894 iuris
640 2836 737 2895 civilis
759 2835 960 2913 intelligentia
982 2839 1071 2913 atque
1095 2839 1176 2897 omni

169 2922 346 2998 prudentiae
369 2941 478 3000 genere
500 2917 689 3004 praestitit'..
715 2941 815 2983 senem
834 2922 936 2984 Oiaero
958 2928 1079 3000 sumpta
1096 2927 1177 2996 virili

168 3015 241 3089 toga
265 3005 389 3089 665l89
414 3011 519 3072 audiit.
564 3011 684 3072 Laelius
710 3015 787 3090 1,1.

579 3178 769 3256 Responsa.
1088 3263 1107 3308 0

259 3291 361 3353 Oieero
388 3313 443 3371 pro
466 3295 560 3354 Balbo
585 3297 634 3356 20.
681 3295 714 3366 Q.
733 3295 875 3356 Scaevola
897 3297 949 3356 ille
973 3316 1082 3376 augur,
1110 3318 1177 3359 oum

170 3382 207 3442 de
230 3383 295 3441 iure
314 3384 510 3460 praediatoria
530 3385 744 3463 consuleretur,
767 3385 855 3446 homo
874 3386 949 3445 iuris
967 3387 1177 3466 peritissimus,
1285 3391 1286 3446 ἴ

244 3541 258 3588 1
278 3535 359 3592 aliter
378 3535 415 3592 H.
434 3536 512 3592 Peter
529 3537 586 3593 rell.
601 3537 623 3590 I
634 3535 780 3607 pooxr.
810 3536 850 3605 Ofi
868 3536 1112 3606 Teuffel-Schwabe
1126 3541 1143 3596 ῑ.
1155 3557 1176 3597 a.
