2598 3910
423 193 448 242 ὅ.
472 188 501 242 G.
516 187 646 244 AELIUS
666 188 807 244 GALLUS
1053 189 1120 253 247

195 359 239 418 Al
266 359 340 418 hasa
367 357 500 416 definitio
528 356 629 432 polius
652 357 786 435 Aquillio
811 357 898 418 Gallo
922 357 1121 418 adtribuanda

97 451 159 509 ast.
203 448 241 508 cf.
260 465 353 524 supra
374 466 403 522 p.
420 448 492 506 118.

527 543 704 613 ‘Municeps’

196 656 226 720 2.
250 653 335 720 Fesl.
352 655 425 720 142.
447 690 485 700 -
506 653 671 736 Municeps
684 658 736 737 esi,
754 657 791 720 ul
805 655 852 719 ail
866 653 977 719 Aelius
993 653 1118 738 Gallus,

100 745 161 827 qni
183 746 219 809 in
241 743 409 826 municipio
429 743 504 808 liber
521 748 615 808 nulus
633 747 693 821 esu
715 745 788 808 ilcan
805 744 860 826 qni
877 763 915 809 cn
932 741 996 808 ulio
1012 765 1120 826 cancre

94 833 267 898 lcccninncn
290 852 403 896 nnnns
423 832 549 913 fnncins
571 836 630 908 est;
660 833 733 898 ilecn
754 835 809 916 qni
830 834 866 898 in
888 834 1058 916 municipio
1081 854 1120 900 en

100 923 247 1012 scruiinic
269 941 301 987 sc
323 921 465 986 liberauit
485 941 506 984 a
528 921 692 1004 municipe.

521 1103 709 1160 ‘Necessariis

196 1215 227 1280 3.
251 1213 336 1279 Fasl.
356 1213 429 1280 162.
456 1250 493 1261 -
520 1213 696 1278 Necessaria
712 1219 793 1299 snni,
816 1218 854 1280 ui
873 1212 986 1279 Gallus
1004 1213 1118 1279 Aelius

105 1304 165 1387 ait,
187 1305 242 1386 qni
264 1309 320 1369 uni
341 1305 461 1386 coynuii
483 1307 539 1368 nnl
560 1301 673 1385 affines
694 1309 775 1389 snni,
792 1304 827 1369 in
849 1324 925 1386 qnos
947 1303 1118 1369 neccssaria

102 1394 213 1475 officia
231 1393 431 1474 conferuntur
448 1396 574 1475 praeter
595 1396 713 1458 cennos.

546 1575 687 1632 ‘Necnon’

197 1687 228 1750 4.
252 1684 337 1750 Fasl.
358 1686 431 1752 165.
454 1721 496 1732 -
519 1685 645 1750 Neuncn
667 1688 719 1770 esi,
741 1687 778 1748 ul
802 1683 848 1748 ail
866 1681 978 1749 Gallus
997 1684 1121 1767 Aelius,

106 1776 306 1858 quodcunque
331 1796 390 1857 par
420 1796 473 1840 ucs
503 1779 531 1839 ci
563 1775 676 1839 laurum
703 1774 835 1856 ycriinc,
866 1774 902 1838 id
930 1776 1011 1855 qnod
1040 1775 1121 1840 nacti

109 1865 241 1940 nicilum
276 1885 336 1946 qno
371 1871 406 1929 in
439 1883 551 1945 canere·
581 1868 655 1946 suni
687 1863 776 1928 unc:
813 1865 983 1928 inclamanti
1015 1864 1123 1946 factio,

109 1955 183 2018 nani
209 1955 306 2031 datio,
332 1954 406 2018 nexi
433 1953 580 2018 liberalia.

550 2127 681 2182 ‘Punica'

199 2236 229 2301 5.
261 2236 299 2301 D.
323 2236 375 2320 50,
396 2236 446 2319 16,
466 2237 527 2301 157
538 2259 586 2321 pr.
630 2236 743 2301 Aelius
768 2234 881 2301 Gallus
904 2237 989 2303 libro
1013 2237 1123 2320 primo

107 2327 149 2390 de
186 2326 357 2400 verborum
394 2346 476 2408 quaa
517 2327 557 2389 ad
593 2326 642 2390 ius
679 2325 843 2410 pertinens
874 2325 1125 2412 significatione.

105 2451 154 2464 -
175 2414 288 2480 Pacius
310 2419 366 2497 est,
387 2416 450 2479 sinc
472 2434 581 2479 cuncus
603 2415 665 2479 siva
687 2415 823 2480 maceria
844 2419 897 2480 cal.

198 2535 235 2597 cf.
258 2535 337 2594 infra
360 2527 442 2596 ‘via'.

537 2613 693 2685 ‘Pcrsnyn'

199 2726 228 2792 6.
260 2725 346 2790 Fusa
373 2726 448 2790 214.
485 2759 527 2770 —
564 2721 739 2808 Perfugam
771 2721 885 2788 Gallus
918 2725 1033 2790 Aelius
1066 2723 1130 2803 ais,

106 2815 166 2900 qui
192 2814 277 2879 libar
304 2818 361 2880 aut
388 2836 499 2879 servus
529 2834 587 2877 sua
614 2813 780 2877 voluntale
808 2811 849 2877 ad
878 2812 990 2880 hosius
1014 2818 1128 2878 trans·

106 2905 190 2969 ierit.
239 2903 308 2987 [qui
339 2904 424 2967 idam
456 2901 574 2966 dicitur
605 2901 789 2987 transfuga:
818 2923 1005 2988 quanquam
1034 2904 1130 2978 sunl,

108 2991 166 3078 qui
190 2993 332 3073 credant,
355 2991 524 3076 perfugam
547 3013 617 3055 assa
639 3013 705 3056 non
727 2997 805 3075 tam,
828 2992 883 3076 qui
903 2994 986 3060 alios
1005 2992 1133 3076 fugias,

107 3103 208 3166 quam
237 3080 292 3165 qui
319 3080 361 3144 ob
389 3101 479 3163 spem
507 3079 750 3145 commodorum
774 3080 813 3144 ad
838 3085 1025 3168 quampiam
1049 3099 1132 3163 per·

107 3170 240 3255 fugiat]

555 3273 674 3328 ‘Petra'

200 3373 229 3437 7.
252 3371 337 3436 Festa
353 3373 427 3437 206.
449 3409 486 3420 -
507 3422 558 3439 ...
577 3373 671 3437 docet
689 3370 801 3436 Aelius
816 3369 944 3440 Gallus:
963 3379 1054 3458 pclru
1072 3367 1137 3440 esic

107 3463 163 3546 qni
191 3462 274 3527 locns
299 3462 407 3526 danica
429 3482 466 3526 cc
487 3462 616 3526 sinistra
637 3461 785 3542 fornicem
807 3461 944 3542 ecpninc
965 3479 1061 3545 nsqnc
1083 3447 1141 3518 ad

109 3553 327 3618 libramentum
348 3551 463 3616 sumini
482 3550 621 3630 fornicis.
