2602 3912
180 155 223 218 62
259 119 306 213 iv.
329 156 475 212 SEPTIMI
490 156 590 212 SAEC.
604 156 701 213 lURIS
717 157 888 215 CONSULT.
905 159 1031 214 saulus
1044 160 1191 215 ALTERA

182 342 250 384 cum
282 325 438 400 Pomponii
473 345 547 401 opus
580 325 730 401 duplicem
761 327 823 386 fere
855 347 1014 387 numerum
1045 328 1205 388 librorum¹

180 415 352 490 amplexum
379 415 432 487 sit,
460 414 569 490 aliquis
595 415 735 491 coniciet,
762 435 798 475 ea
821 435 898 493 quae
921 417 1039 478 Mucius
1063 417 1191 493 singulis
1296 495 1298 498 Ι

180 503 266 562 libris
290 503 440 579 exposuit,
463 502 660 579 Pomponium
683 503 762 564 binis
785 506 848 564 fere
870 506 1042 581 explicasse.
1087 525 1191 582 quam-

61 605 92 632 Ν
180 613 270 669 quam
288 611 335 652 res
355 611 431 668 quae
450 593 488 650 ab
507 599 636 669 utroque
655 593 800 668 scriptore
820 595 985 669 explicatae
1000 597 1079 667 sunt,
1098 595 1190 654 inter-

178 682 260 742 vallo
283 681 426 757 temporis
448 700 508 740 non
532 700 633 762 omnes
656 683 832 758 parimodo
855 683 1023 759 increvisse,
1047 683 1099 742 sed
1119 703 1190 743 non-

178 771 278 830 nullas
310 770 473 848 interiisse,
505 769 580 829 alies
611 789 705 830 novas
737 771 887 831 exstitisse
920 774 1035 832 certum
1063 775 1121 831 cst:
1154 776 1192 832 ut

178 859 307 935 exempli
334 858 434 937 gratie
461 861 560 918 totum
583 859 772 934 gentilicium
794 860 855 935 ius,
883 861 963 936 quod
986 861 1119 920 Mucium
1142 880 1190 920 ex-

177 950 303 1025 plicasse
327 950 458 1024 constat,
485 947 642 1022 Pomponii
665 952 798 1025 tempore
821 949 882 1008 iam
904 949 936 1008 iu
959 949 1188 1008 desuetudinem

177 1038 287 1098 abiisse
305 1037 416 1096 scimus
436 1028 515 1116 (Gai.
530 1036 585 1112 III,
602 1028 672 1118 17);
695 1037 768 1096 item
787 1037 846 1097 duc
864 1038 918 1096 illa
935 1040 1188 1098 testamentorum

176 1145 298 1205 genera,
326 1144 403 1203 quae
426 1125 512 1184 initio
536 1126 670 1201 fuerant,
692 1126 723 1184 in
746 1127 973 1185 desuetudinem
996 1127 1134 1186 abierunt
1157 1131 1189 1188 et

175 1216 301 1276 tertium
332 1232 427 1291 genus
460 1214 540 1290 quod
571 1214 708 1288 accessit,
745 1214 903 1291 Pomponii
934 1220 1067 1291 tempore
1100 1216 1190 1275 aliter

177 1304 371 1364 ordinabatur
389 1306 479 1379 atque
499 1303 571 1363 olim
590 1303 715 1363 solebat.
749 1303 813 1364 cai.
827 1303 866 1380 H,
883 1305 1065 1365 101-103.
1100 1305 1187 1365 Pom·

175 1394 299 1470 ponium
327 1395 428 1451 eutem
457 1411 475 1450 a
500 1391 590 1451 rebus
618 1411 637 1450 a
658 1392 759 1452 Mucio
786 1393 924 1452 tractetis
953 1411 1091 1453 exorsum
1113 1413 1187 1453 non-

55 1523 57 1530 .
174 1500 330 1560 nunquam
346 1480 466 1558 longius
485 1480 523 1540 ad
542 1481 640 1540 aliena
657 1481 819 1569 aberrasse,
838 1481 919 1559 quod
935 1481 1028 1541 Lenel
1043 1481 1185 1542 Sabinus-

175 1576 289 1649 system
315 1590 344 1646 p.
369 1573 407 1629 11
420 1588 461 1646 sq.
489 1588 543 1646 pro
572 1574 653 1630 certo
681 1571 802 1643 statuit,
834 1590 894 1630 non
920 1570 994 1629 mihi
1021 1571 1184 1646 persuasit:

174 1680 274 1720 rerum
297 1659 384 1735 eopia
405 1657 561 1734 Pomponii
584 1661 684 1718 aetate
707 1659 803 1719 maior
825 1663 904 1718 certe
928 1663 1006 1736 erat;
1029 1659 1080 1718 sed
1104 1660 1185 1736 quod

174 1749 267 1809 Lenel
286 1749 331 1808 ita
349 1748 467 1824 statuit,
488 1766 549 1806 non
567 1747 627 1806 alia
644 1747 760 1806 ratione
779 1748 900 1808 videtur
918 1748 1069 1822 statuisse,
1092 1767 1183 1826 quam

174 1839 253 1914 quod
271 1857 372 1897 rerum
390 1837 422 1894 in
434 1835 591 1912 Pomponii
609 1836 785 1912 fragmentis
800 1839 999 1896 tractatarum
1013 1837 1183 1897 coniunctio

173 1927 307 1987 nondum
332 1925 452 2004 cognita
473 1923 560 1983 valde
584 1919 661 1982 mira
683 1924 812 1985 videtur.

262 2015 327 2073 Iam
345 2013 493 2089 quomodo
508 2012 663 2088 Pomponii
676 2012 762 2073 libris
776 2014 904 2092 singulis
917 2014 1048 2072 Muciani
1061 2033 1185 2090 respon·

173 2103 252 2163 disse
284 2102 358 2161 mihi
389 2101 548 2160 videantur
578 2119 756 2178 proponam3
789 2122 879 2180 quem
906 2121 969 2162 rem
996 2106 1092 2162 totam
1120 2104 1183 2163 fere

174 2210 238 2251 esse
262 2191 494 2250 coniecturalem
516 2189 567 2250 vix
589 2193 635 2248 est
658 2191 738 2266 quod
761 2210 905 2251 moneam.

173 2439 361 2515 Pomponii
384 2439 426 2498 ad
446 2438 477 2509 Q.
496 2439 650 2498 Mucium
729 2439 761 2510 Q.
785 2439 894 2499 Mucii
919 2439 1011 2498 iuris
1037 2439 1159 2500 civilis

288 2528 375 2588 libri
398 2527 532 2596 XXXIX
834 2528 922 2588 libri
944 2527 1055 2587 XVHI.

338 2689 362 2748 Ι,
390 2689 439 2749 De
463 2688 734 2749 hereditatibus
757 2694 792 2750 et
815 2690 855 2750 de
878 2688 1021 2765 legatia

172 2813 242 2873 libri
263 2813 370 2872 Ι-ΙΠ
393 2813 429 2872 de
452 2813 648 2873 testamentis.
675 2805 679 2860 l
703 2814 781 2873 liber
808 2813 823 2872 I
855 2813 891 2873 de
920 2812 1109 2872 testamentis
1137 2812 1182 2887 (et

95 2930 97 2934 ·
139 2953 141 2956 .
748 2903 784 2962 de
807 2895 958 2981 legatisl).

170 2990 241 3050 libri
259 2989 395 3049 Hl—IX
417 2991 454 3049 de
477 2991 593 3068 legatis.
702 2990 779 3050 liber
791 2990 823 3049 H
846 2993 878 3050 et
895 2991 973 3050 forte
992 2989 1084 3049 etiam
1101 2990 1180 3050 liber

746 3079 793 3138 HI
820 3078 857 3139 de
883 3079 993 3158 legatis
1016 3075 1060 3153 (P.
1085 3082 1180 3139 1-5.

156 3197 160 3208 ·
749 3166 900 3242 13-22).

170 3257 248 3316 liber
274 3256 302 3316 X
334 3255 370 3316 de
400 3256 536 3335 legitima
563 3256 647 3315 here·
701 3257 778 3317 liber
787 3249 878 3336 ΝΘ)
894 3256 929 3316 de
943 3256 1080 3335 legitima
1094 3257 1178 3316 bere-

215 3346 318 3406 ditate.
745 3347 841 3406 ditate
865 3340 911 3424 (Ρ.
937 3346 987 3408 53.
1012 3338 1078 3424 55).

170 3436 245 3496 liber
268 3435 311 3494 XI
338 3435 470 3496 familiae
498 3433 645 3495 erciscun-
700 3434 777 3494 liber
793 3433 858 3494 IV?
877 3435 924 3493 vel
943 3425 1020 3516 V(?)
1044 3434 1177 3494 familiae

214 3525 289 3584 dee?
745 3524 944 3584 erciscundae.
