2602 3912
166 163 208 228 58
245 163 291 219 lV.
313 162 457 217 SEPTIMI
472 163 571 219 SAEO.
586 163 682 218 IURIS
697 163 869 220 CONSULT.
885 161 1010 218 sutelas
1026 161 1176 218 ALTERA

425 367 465 426 II.
494 366 648 426 Decreta
669 367 912 444 pontificalia.

217 542 219 546 ,
253 483 362 561 Verba,
385 502 461 558 quae
481 481 639 560 Ciceronis,
662 502 722 542 non
741 483 833 542 Mucii
854 501 917 543 esse
936 485 1070 559 apparet,
1092 482 1174 558 typis

165 573 328 633 minoribus
348 571 423 631 dedi.
461 572 497 630 de
511 591 543 630 ro
562 591 590 634 v.
604 571 736 631 Kuebler
755 572 784 631 Z.
799 572 826 630 d.
842 571 1034 650 Savigny-St.
1048 569 1100 646 Xl,
1118 571 1174 646 37,

165 662 342 721 Burokhard
359 660 430 720 ibid.
444 661 495 738 IX,
512 663 584 720 206,
617 660 697 736 quod
715 661 751 720 de
770 661 834 720 iure
852 660 978 720 iurando
997 659 1064 730 ao.
1074 659 1174 720 Mucio

165 753 306 826 concepto
340 749 462 826 dicitur,
495 749 602 825 adieci,
635 749 784 828 quamvis,
816 770 890 809 num
921 748 1012 808 huius
1039 749 1097 808 loci
1126 748 1175 826 sit,

165 839 298 899 dubitari
320 839 424 914 possit.

256 959 283 1022 1.
311 955 375 1022 (lic.
395 958 433 1020 de
453 957 514 1042 leg.
533 957 763 1042 1114120.
790 994 827 1004 —
853 961 1046 1032 Quaeruntur
1067 1005 1099 1021 ..
1120 957 1176 1040 qui
1272 993 1274 1002 ·

167 1047 409 1130 adstringantur
446 1045 553 1110 sacris.
607 1046 760 1110 heredum
795 1069 885 1110 cauea
916 1052 1082 1110 iustissima
1116 1054 1175 1126 est,

165 1141 249 1198 nulla
277 1145 323 1199 est
350 1141 429 1200 enim
455 1158 594 1216 persona,
623 1159 699 1216 quae
727 1140 764 1198 ad
792 1140 886 1199 vicem
910 1140 974 1199 eius
998 1141 1049 1217 qui
1073 1139 1177 1198 evita

165 1229 320 1306 migravit,
356 1229 480 1304 propius
517 1228 646 1288 accedat.
701 1223 814 1287 deinde
851 1223 906 1307 qui
941 1227 1045 1288 morte
1077 1227 1176 1286 tosta·

166 1319 314 1378 montore
334 1314 401 1376 eius
420 1313 611 1377 tantundem
630 1313 747 1397 capiat,
771 1319 927 1396 quantum
951 1333 1061 1377 omnes
1085 1311 1175 1376 here·

166 1403 230 1466 des.
280 1407 311 1464 id
343 1425 462 1482 quoque
495 1407 612 1484 ordine,
645 1409 691 1466 est
723 1406 802 1466 enim
832 1406 870 1466 ad
902 1406 934 1464 id
960 1405 1040 1482 quod
1066 1424 1176 1481 propo·

166 1495 259 1555 eitum
291 1499 350 1572 eet,
383 1497 648 1557 accommodatum.
698 1491 796 1554 tertio
828 1491 912 1568 1000,
945 1489 973 1554 si
1005 1511 1100 1553 nemo
1132 1489 1177 1552 sit

165 1579 269 1660 heres,
292 1580 320 1642 is
344 1579 455 1663 quide
474 1580 565 1643 bouis
587 1601 668 1663 quae
688 1579 756 1643 eius
775 1579 894 1642 fuerint
913 1600 1009 1662 quom
1029 1578 1175 1659 moritur,

165 1690 226 1732 usu
245 1670 366 1751 ceperit
388 1668 561 1751 plurimum
580 1667 783 1752 possidendo.
819 1673 943 1752 quarto,
963 1667 1102 1731 sinemo
1123 1667 1177 1745 sit,

166 1757 221 1841 qui
244 1758 344 1822 ullam
368 1779 434 1820 rem
459 1756 588 1840 ceperit,
611 1757 649 1820 de
673 1755 886 1820 creditoribus
911 1757 978 1820 eius
1003 1757 1057 1840 qui
1076 1755 1176 1840 pluri·

167 1867 255 1909 mum
274 1850 387 1910 servet.
426 1850 565 1908 extrema
584 1845 640 1908 illa
658 1865 797 1927 persona
816 1850 874 1927 est,
893 1847 930 1908 ut
950 1846 976 1908 si
996 1845 1051 1928 qui
1070 1845 1100 1907 ei
1119 1843 1176 1928 qui

166 1939 312 1998 mortuus
332 1935 382 2009 sit,
402 1935 570 2016 pecuniam
588 1932 734 1997 debuerit
748 1933 931 2016 neminique
946 1955 1017 1997 eam
1033 1933 1175 2015 solverit,

165 2023 298 2106 proinde
326 2021 485 2085 habeatur
512 2023 604 2104 quasi
631 2043 701 2085 cam
730 2021 897 2104 pecuniam
926 2022 1055 2104 ceperit.
1100 2027 1175 2086 haec

165 2134 219 2174 nos
243 2134 261 2173 a
285 2115 428 2174 Scaevola
450 2115 622 2190 didicimus,
649 2115 777 2174 nonita
800 2115 948 2191 descripta
971 2115 1008 2174 ab
1032 2115 1174 2192 antiquie.

255 2200 284 2262 2.
307 2197 433 2280 (16115,
450 2199 500 2279 19,
514 2199 544 2263 5.
559 2200 588 2263 6.
606 2235 644 2245 -
661 2249 668 2264 .
683 2248 690 2264 .
706 2249 712 2264 .
728 2199 953 2282 adrogationes
973 2220 1038 2263 non
1052 2203 1174 2262 temere

165 2308 224 2350 nec
252 2288 451 2369 inexplorate
484 2287 746 2371 committuntur3
774 2309 851 2351 nam
880 2288 1013 2352 comitia
1041 2289 1173 2351 arbitris

165 2375 373 2460 pontificibus
390 2377 585 2460 praebentur
604 2397 685 2460 quae
704 2376 829 2441 curiata
844 2376 1055 2460 appellantur,
1071 2383 1174 2440 actas-

167 2487 227 2548 que
252 2465 319 2529 eius
344 2466 398 2550 qui
422 2465 578 2551 adrogare
602 2465 683 2546 vult,
706 2489 748 2530 an
770 2465 882 2530 liberis
905 2465 1082 2550 gignundis
1106 2464 1174 2528 ido-

166 2576 228 2618 nea
260 2555 319 2636 sit,
349 2554 497 2638 bonaque
530 2555 599 2619 eius
628 2554 683 2638 qui
720 2554 909 2638 adrogatur,
946 2575 985 2618 ne
1020 2551 1174 2618 insidiose

166 2643 312 2726 adpetita
331 2643 403 2726 siut,
427 2643 649 2708 consideratur
667 2643 780 2726 iusque
795 2643 965 2707 iurandum
980 2665 999 2706 a
1014 2641 1051 2718 Q.
1066 2641 1174 2707 Mucio

166 2731 318 2813 pontifice
337 2733 478 2797 maximo
494 2737 684 2816 conceptum
699 2731 824 2811 dicitur,
839 2731 924 2816 quod
937 2731 972 2794 in
987 2731 1174 2815 adrogando

165 2821 334 2886 iuraretur.

382 2965 436 3026 ΙΙΙ,
469 2967 565 3026 Iuris
590 2965 711 3026 civilis
735 2965 822 3025 libri
844 2965 956 3025 XVIII.

255 3081 339 3150 Quod
365 3081 548 3156 Pomponius
575 3079 595 3153 ξ
620 3083 659 3140 41
689 3081 821 3141 Mucium
852 3082 983 3158 primum
1012 3081 1059 3141 ius
1087 3081 1175 3142 civile

165 3170 333 3248 generatim
356 3170 546 3229 constituisse
569 3170 654 3229 libris
677 3171 784 3248 tradit,
810 3170 1003 3230 confirmatur
1027 3173 1057 3229 et
1080 3171 1175 3246 expli·

166 3263 252 3319 catur
284 3278 302 3318 a
330 3258 405 3319 Gaio
430 3260 541 3335 1,188
575 3262 606 3318 61
632 3258 761 3335 Ulpiano
789 3259 826 3319 D.
849 3261 901 3338 41,
921 3262 950 3337 2,
970 3262 999 3336 3,
1019 3261 1074 3336 23,
1107 3278 1176 3319 cum

165 3348 216 3408 ille
234 3348 366 3408 Mucium
390 3349 521 3424 quinquo
544 3348 720 3425 tutelarum,
742 3348 790 3406 hio
808 3349 936 3408 eundem
952 3348 1176 3425 possessionum

164 3439 308 3498 nonnulla
335 3456 446 3516 genera
472 3437 662 3498 constituisse
690 3437 810 3497 referat.
855 3437 996 3496 nimirum
1024 3437 1077 3514 qui
1104 3441 1174 3496 ante

165 3526 298 3586 Mucium
322 3526 358 3586 de
380 3526 446 3586 iure
466 3526 547 3587 civili
566 3527 754 3603 scripserant,
777 3526 879 3604 legum
898 3525 1018 3585 decreta
1037 3528 1067 3584 et
1085 3526 1176 3584 rebus
