2602 3912
170 160 211 223 14
350 158 382 214 ll.
408 159 512 214 SEXTI
532 158 683 214 SAECULI
700 159 797 214 lUPelS
817 157 994 214 CONSULTI

167 347 266 388 aereos
294 328 326 387 in
353 327 548 387 domesticum
572 346 660 386 usum
682 329 804 402 paratos
828 327 973 386 contineri
996 327 1097 404 legato
1121 321 1176 407 (so.

166 410 299 497 penoris)
323 411 448 478 scribit’.
494 423 609 476 eertum
632 419 687 490 est,
710 415 873 491 Ulpianum
897 416 987 475 etiam
1011 416 1079 476 aliis
1102 417 1175 476 loeis

166 506 342 565 Africanum
369 505 457 563 illum
483 498 617 563 ‘Sextum
641 497 814 562 Caecilium'
839 505 1003 580 appellar03
1031 503 1083 564 sed
1106 524 1175 564 eum

165 596 222 654 hoe
245 596 310 654 loeo
329 593 476 654 nominari
495 593 646 652 numidae
665 593 730 652 veri
749 593 892 652 dissimile
911 597 965 664 est,
989 593 1068 670 quod
1086 597 1176 654 antea

166 688 197 742 et
219 687 324 758 postea
341 686 458 743 vetares
477 683 654 760 allegantur,
679 682 792 742 seilicet
811 680 939 751 Quintus
959 682 1084 760 Mucius,
1109 682 1175 742 Ser·

166 773 242 849 vius,
266 770 381 847 Ofilius,
404 774 470 830 tum
494 771 565 847 quia
584 769 706 830 Sextum
727 770 848 828 Aelium
871 772 947 830 bano
965 771 1065 847 ipsum
1085 791 1174 847 quae-

166 861 293 921 stionem
320 862 465 918 tractasse
494 860 612 918 seimus.
663 859 764 935 itaque
791 878 851 918 non
878 859 995 936 dubito,
1023 861 1095 935 quin
1120 879 1175 936 pro

166 949 256 1009 Sexto
281 947 409 1008 Caecilio
434 948 534 1023 potins
558 947 666 1006 Sextus
690 948 795 1006 Aelius
818 941 1023 1008 restituendus
1047 949 1093 1008 sit.

254 1038 290 1097 D.
307 1038 357 1113 15,
373 1040 433 1113 2,1
456 1035 507 1112 §7
532 1056 567 1095 ex
590 1036 668 1095 libro
691 1036 852 1096 vicensimo
874 1056 952 1096 nono
976 1037 1014 1096 ad
1032 1037 1173 1115 edictum,

164 1127 217 1186 ubi
245 1127 280 1186 (16
308 1127 424 1186 6611666
448 1127 484 1184 (16
506 1126 623 1200 peculio
647 1126 762 1202 agitur,
791 1119 969 1185 ‘Caecilius'
993 1127 1173 1204 nominatur,

39 1231 42 1238 '
165 1235 217 1291 pro
255 1235 314 1292 quo
346 1215 487 1274 Karlowa
513 1215 529 1273 I
565 1235 592 1290 p.
618 1217 680 1273 712
719 1214 804 1274 bonis
838 1214 1005 1274 rationibus
1038 1213 1174 1274 (laelium

62 1353 64 1357 ,
166 1305 324 1364 substituit
352 1304 553 1378 adstipulante
583 1303 703 1362 Lenelio
733 1296 865 1383 (Ulpian.
891 1305 968 1380 859,
997 1303 1033 1362 ef.
1056 1303 1175 1362 Africa-

164 1413 238 1452 num
260 1393 276 1451 I
299 1393 352 1452 ool.
370 1386 436 1472 35).

253 1482 413 1557 Reliquum
446 1484 491 1539 est
518 1481 657 1540 Javoleni
689 1481 891 1558 fragmentum
921 1499 956 1538 ex
983 1480 1059 1538 libro
1090 1483 1174 1540 sexto

165 1570 365 1646 posteriorum
396 1569 543 1629 Labeonis
575 1569 624 1648 (D.
646 1571 702 1643 24,
722 1573 754 1640 2,
776 1561 846 1650 64),
877 1568 927 1627 ubi
955 1562 1111 1628 ‘Proculus
1145 1573 1175 1628 et

165 1652 324 1718 aneiliua'
352 1659 581 1736 coniunguntur.
631 1676 740 1716 nomen
764 1656 885 1716 Caecilii
913 1661 1085 1732 eorruptum
1110 1675 1174 1716 esse

166 1751 303 1826 apparet,
337 1766 404 1807 oum
431 1747 593 1806 Africanus
620 1747 737 1804 Iuliano
769 1749 868 1804 aetate
900 1746 1023 1804 inferior
1051 1747 1173 1822 eiusque

165 1837 327 1912 discipulus
360 1837 498 1895 videatur
524 1835 629 1911 fuisse,
662 1836 706 1892 ita
733 1838 767 1892 ut
794 1835 956 1893 Javolenus
985 1853 1053 1892 eum
1080 1835 1174 1894 nomi·

164 1944 234 1984 nare
266 1944 327 1984 non
355 1925 496 2000 potuerit.
543 1923 594 1982 sed
621 1942 693 1980 nuru
722 1921 841 1982 Caelius
869 1923 1095 1984 substituendus
1124 1925 1172 2000 sit,

164 2013 329 2072 dubitatur.
375 2012 466 2071 Lenel
490 2012 527 2070 ad
550 2011 730 2072 Javolenum
750 2013 828 2089 225,
851 2011 991 2070 Karlowa
1013 2012 1029 2070 I
1051 2033 1079 2088 p.
1101 2015 1173 2072 712.
1293 2027 1294 2100 l

164 2102 284 2160 Aelium
303 2101 429 2160 Paetum
452 2101 638 2160 nominatum
661 2101 755 2160 fuisse
778 2101 842 2160 veri
865 2100 1099 2160 dissimillimum
1118 2105 1172 2160 est.

575 2261 765 2335 Responsa.

254 2365 378 2426 Crassus
416 2365 495 2443 apud
528 2365 660 2426 Oioeron.
693 2366 730 2424 (16
760 2370 834 2424 orat.
859 2368 892 2442 3,
914 2369 975 2426 133
1008 2360 1172 2442 ‘Equidem

165 2474 253 2532 saepe
277 2457 332 2516 boo
356 2456 457 2516 audivi
480 2457 515 2514 de
534 2459 621 2530 patre
640 2454 725 2513 etde
745 2473 845 2514 socero
864 2474 939 2532 meo,
962 2457 1080 2514 nostros
1100 2475 1172 2532 quo-

165 2565 222 2622 que
241 2545 384 2622 homiues,
402 2545 453 2622 qui
472 2544 614 2604 excellere
634 2544 799 2620 sapientiae
815 2545 911 2621 gloria
925 2545 1045 2620 vellent,
1065 2545 1172 2618 omnia,

164 2653 238 2712 quae
266 2635 385 2710 quidem
412 2637 478 2693 tum
507 2634 578 2691 baso
607 2633 712 2692 civitas
741 2636 855 2707 nosset,
880 2633 983 2692 solitos
1007 2651 1070 2691 esse
1094 2651 1172 2692 eom·

163 2724 261 2798 pleoti.
308 2723 506 2782 meminerant
528 2722 574 2780 illi
597 2721 662 2780 Sex.
687 2721 816 2782 Aelium.
850 2721 896 2779 Μ’.
920 2740 990 2782 vero
1015 2722 1172 2780 Manilium

162 2831 216 2870 nos
248 2812 338 2870 etiam
369 2812 498 2871 vidimus
529 2817 700 2870 transverso
731 2811 934 2868 ambulantem
964 2810 1029 2870 foro
1133 2811 1180 2869 ad·

163 2918 236 2975 quos
265 2899 336 2957 olim
365 2905 395 2959 at
422 2899 466 2958 ita
493 2899 681 2958 ambulantes
710 2902 740 2957 et
767 2899 799 2956 in
827 2899 900 2958 solio
929 2899 1064 2958 sedentes
1091 2898 1171 2958 domi

163 2989 205 3047 sio
229 2988 381 3066 adibatur,
404 3007 463 3046 nen
487 2989 584 3046 solnm
607 2992 641 3046 ut
663 2989 699 3046 (16
722 2988 787 3046 iure
811 2987 892 3046 civili
915 2987 953 3046 ad
976 3006 1039 3063 eos,
1067 3007 1172 3047 verum

162 3077 253 3136 etiarn
286 3077 321 3134 de
356 3077 419 3135 filia
449 3076 632 3150 collocanda,
666 3077 701 3135 (16
733 3075 825 3135 fundo
856 3075 992 3152 emendo,
1027 3077 1063 3135 (16
1097 3096 1170 3154 agro

162 3166 295 3243 colendo,
319 3165 355 3224 (16
379 3165 459 3225 omni
483 3165 610 3241 denique
634 3169 688 3223 aut
711 3164 807 3224 officio
831 3168 885 3224 aut
905 3166 1025 3242 negotio
1044 3167 1167 3224 referre·

161 3249 236 3314 tur'.
283 3253 341 3314 Cio.
367 3255 402 3313 (16
425 3274 487 3330 rep.
509 3258 540 3330 1,
561 3255 602 3313 30
630 3247 682 3313 ‘ea
705 3254 915 3328 respondebat,
944 3273 1020 3330 quae
1044 3273 1094 3313 eos
1119 3255 1170 3330 qni

162 3345 348 3420 quaesissent
367 3346 397 3402 et
416 3362 487 3402 eura
503 3347 534 3402 61
552 3343 671 3418 negotio
691 3335 861 3402 solverent'.
896 3343 1076 3418 Pomponius
1096 3341 1168 3418 §38

162 3427 255 3492 ‘Sext
273 3432 377 3492 Aelius
402 3436 431 3491 et
454 3433 549 3490 frater
569 3431 633 3490 eius
652 3431 684 3489 P.
706 3431 807 3490 Aelius
827 3476 878 3492 ...
898 3434 1056 3490 maximam
1075 3432 1168 3492 soien-

160 3522 234 3581 tiam
257 3522 288 3580 iu
311 3521 477 3598 profitendo
500 3513 693 3579 babuerunt'.
