2614 3914
408 217 432 266 s.
456 211 486 267 c.
500 210 704 266 TREBATIUS
722 208 839 266 Tnsrn
1062 211 1130 274 415

5 361 6 438 Ῠ
115 397 188 441 eam
221 375 343 460 ceperit
374 395 412 446 eo
445 375 567 459 animo,
597 378 634 439 ut
663 375 732 460 ipse
761 373 977 458 lucrifaceret,
1006 374 1128 439 furtum

114 463 218 530 videri
240 464 336 530 nobis
360 485 431 528 eum
457 463 664 528 commisisse.

456 655 503 713 De
524 656 568 714 rei
589 657 788 715 vindicatione.

5 795 6 854 ;
205 773 257 837 31.
284 771 324 839 Ι).
343 774 373 856 6,
393 776 422 855 1,
441 774 493 840 33.
524 773 644 838 Paulus
663 774 747 838 libro
767 773 942 838 vicensimo
961 773 1066 857 primo
1086 773 1126 838 ad

114 861 255 926 edictum
275 858 323 947 (P.
338 858 428 948 338).
468 861 607 926 Fructus
630 884 698 927 non
721 862 817 928 modo
837 863 991 947 percepti,
1014 863 1069 926 sed
1093 867 1127 926 et

114 951 169 1034 qui
192 951 315 1035 percipi
336 951 472 1016 honeste
490 955 666 1035 potuerunt
685 952 876 1016 aestimandi
896 955 980 1033 sunt,
1002 956 1034 1015 et
1052 951 1126 1015 ideo

114 1039 142 1104 si
171 1039 245 1104 dolo
274 1043 330 1104 aut
358 1041 451 1124 culpa
478 1041 676 1124 possessoris
703 1063 754 1105 res
777 1041 881 1126 petita
902 1041 1046 1124 perierit,
1073 1062 1126 1104 ve-

5 1195 6 1204 ,
112 1127 232 1193 riorem
259 1132 353 1212 putat
376 1129 573 1212 Pomponius
596 1127 743 1194 Trebatii
771 1129 956 1213 opinionem
979 1131 1126 1213 putantis

113 1239 151 1282 eo
184 1239 285 1302 usque
317 1218 480 1282 fructuum
512 1217 671 1282 rationem
700 1218 896 1302 habendam,
929 1239 991 1302 quo
1023 1239 1125 1302 usquc

5 1303 6 1308 ’
112 1306 300 1388 haberetur,
329 1307 356 1370 si
382 1329 449 1371 non
475 1307 626 1390 perisset,
656 1306 689 1370 id
717 1311 765 1372 est
793 1307 834 1372 ad
860 1307 908 1372 rei
934 1307 1125 1372 iudicandae

5 1427 6 1430 ¹
111 1399 250 1478 tempus.

382 1499 429 1558 Dc
451 1499 563 1558 bomine
586 1500 673 1558 libero
697 1500 857 1558 exhibendo.

202 1618 253 1682 32.
281 1615 320 1682 D.
335 1618 387 1698 43,
406 1618 503 1700 29,4,
519 1619 547 1683 1.
584 1616 760 1682 Venuleius
783 1617 867 1682 libro
892 1621 1007 1702 quarto
1028 1618 1123 1682 iuter-

112 1705 269 1770 dictorum
298 1701 348 1792 (P.
368 1704 437 1792 21).
483 1705 654 1770 Trebatius
683 1753 718 1770 ..
746 1706 792 1770 ait
818 1727 884 1770 non
910 1706 1013 1770 teneri
1041 1728 1125 1792 eum,

109 1793 333 1947 qeqiinqipterum
361 1794 526 1860 hominem
553 1817 612 1878 pro
642 1816 734 1860 servo
758 1794 930 1860 bonafide
954 1795 1124 1860 emeritet

448 1985 599 2047 Communi
621 1988 786 2047 diuidundo.
843 2029 845 2033 -

200 2106 252 2170 33.
280 2103 320 2172 D.
340 2107 394 2190 10,
413 2109 448 2190 3,
467 2108 501 2187 6,
520 2107 549 2172 6.
590 2105 749 2192 Ulpianus
776 2105 860 2170 libro
885 2126 971 2170 nono
995 2105 1122 2171 decimo

111 2195 151 2258 ad
181 2195 320 2259 edictum
345 2193 393 2281 (P.
413 2193 521 2282 639b).
570 2195 604 2260 Si
633 2197 704 2280 quis
731 2195 766 2259 in
792 2192 993 2260 communem
1017 2195 1122 2260 locum

109 2288 274 2348 mortuum
306 2285 465 2368 intulerit,
498 2307 540 2348 an
574 2285 762 2369 religiosum
794 2284 907 2349 fecerit
940 2283 1121 2348 videndum.

182 2372 352 2437 Trebatius
375 2421 406 2436 ..
430 2377 463 2436 et
480 2371 587 2437 Labeo
612 2395 807 2458 quamquam
829 2377 945 2457 putant
968 2395 1033 2437 non
1052 2394 1121 2437 esse

109 2461 217 2526 locum
249 2461 437 2546 religiosum
467 2461 604 2545 factum,
640 2466 750 2526 tamen
782 2466 900 2544 putant
931 2463 965 2525 in
997 2462 1121 2526 factum

109 2549 278 2634 agendum.

400 2653 514 2728 'Aquae
530 2655 650 2728 pmoioc
673 2641 822 2712 arcendae.

199 2773 251 2837 34.
274 2772 313 2838 D.
329 2773 380 2854 39,
395 2775 424 2851 3,
441 2773 469 2852 1,
483 2775 513 2838 3.
547 2771 708 2854 Ulpianus
727 2771 810 2836 libro
831 2769 1120 2856 quinquagensimo

107 2861 206 2926 tertio
230 2861 270 2926 ad
294 2862 433 2926 edictum
458 2856 638 2948 (mass).
678 2861 727 2925 Dc
751 2882 788 2924 eo
813 2881 918 2944 opere,
942 2859 1027 2942 quod
1050 2860 1121 2943 agri

108 2950 235 3015 colendi
263 2972 361 3015 causa
389 2951 645 3015 aratroiaotum
674 2949 731 3032 sits,
759 2948 898 3025 Quintus
921 2946 1045 3012 Mucius
1073 2948 1121 3012 ait

106 3061 172 3104 non
202 3043 384 3123 competere
406 3038 490 3103 hano
513 3039 682 3104 actionem.
728 3037 899 3103 Trebatius
924 3040 1031 3101 autem
1054 3059 1120 3101 non

107 3127 193 3211 quod
226 3129 310 3212 agri,
349 3127 404 3192 sed
441 3129 525 3210 quod
559 3127 713 3194 frumenti
745 3127 913 3193 dumtaxat
946 3125 1120 3210 quaerendi

107 3238 206 3281 causa
229 3222 337 3290 aratro
361 3217 483 3281 factum
507 3218 611 3281 solum
624 3217 769 3300 excepit.

196 3305 249 3370 35.
272 3305 311 3370 D.
326 3306 379 3388 39,
394 3307 424 3390 3,
439 3305 490 3387 11,
504 3306 534 3370 5.
554 3307 583 3370 6.
610 3305 728 3370 Paulus
748 3305 832 3369 libro
849 3302 1119 3388 quadragensimo

107 3399 193 3458 nono
226 3394 266 3458 ad
300 3394 438 3458 edictum
465 3391 513 3480 (P.
533 3391 621 3481 634).
675 3392 709 3459 si
742 3401 787 3458 ex'
812 3394 938 3478 privato
972 3411 1051 3475 agro
1084 3391 1119 3456 in

108 3504 223 3568 agrum
245 3505 447 3548 communem
466 3504 550 3567 aqua
568 3484 773 3566 immittatur,
795 3481 909 3548 Ofilius
929 3480 976 3546 ait
995 3479 1117 3544 socium

107 3593 181 3636 cum
209 3592 246 3636 eo
275 3593 371 3657 agere
398 3593 501 3656 posse.
547 3571 718 3637 Trebatius
747 3571 925 3656 existimat,
957 3571 985 3636 si
1013 3569 1052 3634 de
1079 3591 1118 3634 eo
