2588 3908
347 218 372 267 s.
399 211 550 266 servius
570 211 753 268 sumimus
772 211 889 268 nurus
1062 211 1125 278 161

495 397 542 456 De
564 401 744 458 testamentis,

204 513 326 576 Seruius
345 515 375 572 et
393 515 609 572 testamentum
627 533 680 588 per
697 513 950 590 nuncupationem
964 516 1077 574 factum
1094 519 1126 576 et

104 604 234 666 tabulas
257 601 433 662 testamenti
456 605 676 662 commemorat.
718 603 754 661 de
777 603 830 662 illo
850 601 942 662 (taius
962 605 1127 682 a,103sq.

106 713 176 754 non
203 693 338 764 disserit,
366 692 418 750 sed
444 691 476 750 id
497 693 616 750 tantum
639 690 780 768 explicat,
807 691 889 769 quod
911 691 1057 752 Antonini
1079 693 1127 752 Pii

106 787 248 859 tempore
268 771 398 862 (‘nunc')
422 779 454 838 in
472 798 529 839 usu
548 783 620 840 erat.
662 781 697 840 of.
718 775 1125 857 (1111111111111111101118

205 973 233 1037 1.
256 969 357 1053 1128,
369 969 459 1052 125.
479 968 650 1035 Iavolenus
669 970 752 1036 libro
773 971 885 1055 quinto
905 972 1122 1055 posteriorum

107 1060 274 1126 Labeonis
290 1056 339 1146 (P.
350 1056 439 1146 216).
471 1056 506 1123 Si
520 1059 557 1142 is,
574 1061 629 1143 qui
642 1063 874 1124 testamentum
887 1059 1017 1144 faceret,
1032 1061 1121 1126 here·

111 1151 208 1215 dibus
218 1147 332 1235 primis
347 1149 549 1232 nuncupatio,
562 1149 749 1232 priusquam
761 1149 917 1215 secundos
927 1151 1121 1234 exprimeret

108 1238 256 1318 heredes,
276 1237 501 1321 obmutuisset,
519 1238 625 1322 magis
644 1235 788 1321 coepisse
804 1260 875 1302 eum
890 1241 1120 1304 testamentum

108 1329 219 1392 facere
252 1349 349 1412 quam
380 1326 493 1392 fecisse
523 1325 629 1391 Varus
658 1325 868 1410 Digestorum
899 1327 983 1392 libro
1016 1327 1122 1412 primo

112 1415 261 1482 Servium
288 1416 494 1498 respondisse
523 1413 667 1498 scripsit:
699 1415 808 1500 itaque
834 1416 957 1500 primos
985 1417 1120 1482 heredes

112 1527 152 1570 ex
176 1527 214 1570 eo
237 1507 434 1570 testamento
457 1525 522 1568 non
546 1504 684 1567 futuros.

203 1595 233 1658 2.
265 1593 305 1658 D.
324 1592 425 1676 115,
445 1593 485 1658 17
516 1593 584 1672 §L
625 1591 788 1676 Ulpianus
811 1591 895 1656 libro
919 1595 1057 1677 septimo
1082 1595 1123 1659 11

111 1681 268 1748 Sabinum
297 1681 347 1765 (P.
370 1680 482 1766 2488).
611 1680 673 1746 hoc
701 1684 734 1744 et
760 1679 880 1746 Labeo
926 1683 1009 1747 undo
1038 1683 1124 1748 idem

110 1773 243 1854 tractet,
258 1771 286 1836 si
300 1771 379 1836 duos
394 1792 432 1834 ex
447 1769 605 1851 undecim,
620 1770 699 1834 duos
713 1770 781 1834 sine
794 1773 886 1854 parte
898 1771 1034 1856 scripsit,
1049 1794 1125 1837 mox

111 1882 197 1926 unus
217 1881 255 1924 ex
273 1859 325 1924 his
345 1859 400 1944 qui
419 1859 488 1922 sine
506 1863 598 1943 parte
613 1859 753 1943 fuerunt,
771 1859 995 1942 repudiaverit,
1014 1863 1124 1924 utrum

112 1947 263 2014 omnibus
292 1949 455 2013 semuncia
483 1970 524 2012 an
553 1948 593 2012 ad
622 1947 727 2012 solum
755 1948 823 2012 sine
851 1951 943 2032 parte
967 1949 1124 2032 seriptum

110 2039 365 2124 pertineat:
389 2036 445 2100 sed
468 2033 597 2102 Servius
621 2037 770 2102 omnibus
794 2037 976 2102 adcrescere
1000 2038 1054 2103 ait.

203 2129 233 2192 3.
265 2125 305 2192 D.
327 2127 383 2210 28,
402 2125 437 2210 5,
455 2125 507 2190 46.
556 2125 646 2190 Idem
674 2122 839 2213 (Alfenus)
868 2126 953 2190 libro
982 2126 1121 2192 seeundo

110 2215 324 2300 Digestorum
344 2237 363 2279 1
381 2213 482 2278 Paulo
502 2215 752 2298 epitomatorum
773 2213 821 2298 (P.
836 2212 902 2301 34).
935 2213 981 2280 ‘si
995 2213 1123 2280 Maeuia

110 2308 217 2370 mater
235 2326 308 2368 mea
327 2308 360 2368 et
373 2301 488 2366 Fulvia
506 2303 575 2367 filia
588 2325 660 2366 mes
679 2303 796 2386 vivent,
819 2308 889 2368 tum
908 2304 990 2368 mihi
1003 2303 1122 2370 Lucius

110 2393 207 2458 Titus
225 2393 319 2458 heres
339 2390 430 2458 esto'.
468 2390 597 2457 Servius
616 2392 791 2476 respondit,
816 2394 844 2455 si
862 2396 1002 2458 testator
1021 2394 1122 2458 filiam

109 2503 290 2566 numquam
308 2480 467 2563 habuerit,
490 2484 593 2544 mater
616 2485 724 2544 autem
749 2481 986 2564 supervixisset,
1009 2485 1121 2546 tamen

110 2571 237 2635 Titium
264 2571 415 2634 heredem
441 2569 526 2653 fore,
559 2570 634 2652 quia
660 2569 707 2649 id,
740 2569 826 2652 quod
855 2569 1057 2652 impossibile
1086 2571 1121 2634 in

110 2663 310 2724 testamento
334 2659 489 2742 scriptum
514 2662 612 2740 esset,
634 2659 756 2720 nullam
779 2658 843 2721 vim
868 2658 1010 2722 haberet

202 2763 239 2823 of.
254 2762 291 2822 D.
306 2764 357 2840 35,
374 2765 401 2840 1,
416 2763 445 2822 3.
475 2760 558 2820 Idem
577 2752 753 2842 (Ulpianus)
772 2760 849 2819 libro
868 2763 951 2819 serto
976 2760 1014 2818 11
1037 2759 1123 2820 Sabi·

109 2872 184 2911 num
209 2846 256 2930 (P.
277 2842 387 2933 2474).
433 2848 573 2926 Optinuit
595 2849 794 2925 impossibiles
817 2849 1004 2909 condiciones
1028 2852 1122 2911 testa-

110 2943 213 3000 mento
237 2940 403 3016 adscriptas
425 2959 479 3016 pro
503 2939 596 2998 nullis
618 2939 779 2998 habendas.

200 3043 231 3107 4.
263 3039 303 3106 D.
326 3043 378 3124 35,
400 3041 466 3122 1,6
493 3043 562 3121 §L
607 3039 804 3124 Pomponius
836 3040 919 3106 libro
950 3043 1046 3106 tertio
1079 3042 1120 3106 11

112 3129 269 3196 Sabinum
289 3129 339 3216 (P.
348 3125 439 3217 423).
476 3128 511 3194 si
529 3151 637 3195 servos
662 3133 766 3194 certos
786 3130 856 3214 quis
871 3131 1122 3214 manumisisset,

111 3220 205 3284 heres
227 3242 296 3284 esse
315 3219 420 3284 iussus
440 3221 518 3284 erat.
550 3219 743 3302 quibusdam
762 3241 801 3282 ex
818 3219 870 3282 his
890 3223 964 3284 ante
984 3219 1122 3283 mortuis

111 3307 267 3373 Neratius
300 3307 468 3391 respondit
500 3307 606 3372 defici‘
624 3331 696 3372 eum
725 3305 911 3372 condicione
939 3329 997 3372 neo
1028 3309 1121 3371 aesti-

111 3399 238 3480 mabat,
261 3418 373 3480 parere
397 3400 508 3481 posset
531 3396 712 3460 condicioni
734 3418 794 3460 neo
817 3417 866 3459 ne.
912 3397 967 3459 sed
991 3393 1120 3458 Servius

111 3486 295 3571 respondit,
328 3508 400 3550 oum
427 3485 473 3548 ita
502 3488 587 3550 esset
614 3485 770 3568 scriptum
798 3482 842 3548 ‘si
864 3483 933 3546 filia
962 3487 995 3547 et
1017 3486 1122 3546 mater

112 3596 185 3640 mea
207 3575 332 3640 virent'
356 3576 459 3640 altera
481 3573 546 3638 iam
570 3578 706 3652 mortua,
729 3593 793 3636 non
814 3571 905 3636 defici
924 3570 1121 3636 condicione.
