2588 3908
178 173 239 238 186
277 173 322 230 VI.
346 174 480 231 OCTAVI
499 173 597 230 SAEO.
615 173 711 229 rums
731 174 906 230 CONSULT.
922 175 1047 232 SERIES
1067 177 1190 231 PRIMA

498 344 644 404 Familiae
667 345 857 403 eriscundae

262 453 314 518 59.
346 451 386 518 D.
405 453 458 538 32,
476 453 528 537 29,
542 453 572 518 2.
617 452 725 518 Labeo
749 454 832 518 libro
857 453 998 518 secundo
1021 455 1187 536 posterio-

173 564 244 605 rum
279 564 298 605 a
330 539 483 606 Iavoleno
517 543 765 624 epitomatorum
799 539 852 626 (P.
881 538 966 628 171).
1022 540 1103 607 Cum
1135 543 1187 607 ita

174 632 318 714 legatum
342 635 440 712 esset,
467 635 504 694 ut
526 630 613 694 Titia
640 652 720 694 uxor
748 653 820 694 mea
842 631 1030 696 tantandem
1054 635 1187 714 partem

174 719 293 783 habeat
308 716 467 806 (capiatl)
487 719 676 803 quantulam
691 741 772 783 unus
786 719 889 802 heres,
909 720 935 784 si
952 741 1018 784 non
1032 721 1187 804 aequales

173 811 283 890 partes
307 812 415 872 essent
439 807 602 889 heredum,
626 807 763 884 Quintus
782 807 905 872 Mucius
930 811 962 871 et
986 807 1098 872 Gallus
1122 831 1187 892 pu-

174 897 289 960 tabant
310 897 485 960 maximam
503 902 628 980 partem
648 898 789 980 legatam
809 919 887 980 esse,
911 898 987 981 quia
1006 897 1040 960 in
1058 897 1186 962 maiore

174 985 278 1049 minor
301 1007 426 1069 quoque
450 987 586 1070 inesset,
610 984 738 1050 Servius
763 984 878 1049 Ofilius
902 985 1079 1066 minimam,
1105 988 1186 1070 quia

174 1096 243 1138 cum
264 1074 357 1137 heres
378 1074 453 1138 dare
474 1073 645 1138 damnatus
665 1078 757 1158 esset,
775 1074 808 1137 in
823 1077 985 1158 potestate
1001 1075 1067 1138 eius
1087 1080 1187 1160 esset,

173 1183 269 1246 quarn
294 1167 419 1245 partem
443 1163 541 1228 daret.

478 1336 525 1395 Dc
547 1337 711 1395 hereditatis
728 1335 874 1410 petitione.

261 1445 325 1510 60?
359 1444 397 1510 D.
416 1445 450 1528 5,
468 1447 503 1530 4,
522 1445 551 1510 9.
591 1444 711 1510 Paulus
738 1445 820 1510 libro
844 1447 942 1512 tertio
966 1447 1185 1530 epitomarum

173 1533 280 1598 Alfeni
299 1533 506 1618 Digestorum
527 1531 577 1621 (P.
591 1533 658 1620 48).
696 1533 777 1598 Cum
798 1536 893 1600 multi
911 1535 1044 1600 heredes
1064 1542 1186 1622 essent,

172 1645 210 1686 ex
228 1623 280 1688 his
304 1645 386 1688 unus
407 1623 441 1687 in
460 1624 541 1688 Asia
560 1628 643 1687 erat:
668 1625 736 1687 eius
754 1628 944 1706 procurator
961 1624 1184 1691 venditionem

171 1711 249 1776 fecit
277 1715 309 1776 et
335 1713 504 1796 pecuniam
538 1734 597 1796 pro
625 1717 717 1794 parte
746 1714 813 1777 eius
842 1713 1034 1778 abstulerat:
1067 1721 1186 1798 postea

171 1807 365 1884 apparuerat
388 1824 460 1866 eum
484 1801 538 1884 qui
561 1801 595 1864 in
615 1800 695 1864 Asia
718 1806 796 1883 erat,
820 1805 915 1866 antea
938 1801 1114 1867 decessisse
1133 1805 1185 1868 in-

172 1890 288 1954 stituto
313 1911 351 1954 ex
376 1894 467 1974 parte
492 1889 624 1953 dimidia
644 1889 760 1953 herede
779 1893 986 1973 procuratore
1006 1912 1064 1956 suo
1089 1895 1184 1956 etex

171 1982 263 2060 parte
287 1977 360 2043 alio.
402 1979 583 2061 quaesitum
607 1981 665 2062 est,
689 1979 956 2062 quemadmodum
980 1981 1117 2062 pecunia
1142 2004 1185 2046 ex

171 2067 348 2130 hereditate
375 2065 515 2149 petenda
543 2069 637 2130 esset.
683 2088 874 2151 responsum
902 2071 952 2132 est
979 2069 1020 2132 ab
1045 2089 1096 2149 eo,
1125 2071 1184 2154 qui

171 2158 362 2238 procurator
386 2155 454 2218 eius
477 2153 605 2236 fuisset,
630 2158 736 2219 totam
761 2156 1000 2236 [hereditatem]
1007 2207 1015 2239 ,
1038 2157 1115 2240 quia
1140 2181 1183 2224 ex

170 2241 348 2306 hereditate
372 2264 410 2306 ea
433 2244 570 2325 pecunia
593 2243 721 2324 [fuisset
745 2247 839 2329 quae]
869 2246 907 2309 ad
936 2249 1183 2329 procuratorem

171 2353 209 2394 ex
241 2329 424 2395 venditione
460 2333 675 2418 pervenisset,
711 2338 821 2418 petere
855 2356 909 2399 eos
943 2337 1108 2417 oportere:
1147 2341 1183 2400 et

169 2419 272 2484 nihilo
296 2419 402 2484 minus
426 2424 551 2504 partem
575 2421 741 2487 dimidiam
765 2423 980 2504 [hereditatis]
1006 2445 1025 2486 a
1048 2423 1182 2488 cohere-

172 2509 263 2573 dibus
292 2509 367 2574 eius.
421 2511 468 2574 ita
495 2510 577 2593 fore,
610 2512 678 2576 sive
708 2512 812 2576 omnis
843 2535 881 2575 ea
912 2511 1048 2595 pecunia
1079 2533 1183 2596 penes

171 2620 244 2662 eum
273 2599 328 2684 qui
355 2603 546 2682 procurator
568 2600 683 2666 fuisset
710 2600 879 2685 resideret,
908 2604 945 2664 ut
968 2621 1097 2666 omnem
1121 2623 1182 2686 per

170 2687 308 2752 iudicem
333 2689 373 2752 ab
398 2689 508 2753 eodem
532 2695 769 2773 recuperarent,
796 2689 913 2754 sireis
937 2693 1062 2772 partem
1086 2689 1180 2755 dimi-

172 2775 256 2840 diam
281 2777 430 2842 ooheredi
454 2799 511 2842 suo
530 2778 730 2862 reddidisset,
752 2781 857 2860 ipsum
877 2799 916 2842 ex
935 2777 1066 2842 dimidia
1085 2785 1180 2862 parte

172 2867 204 2927 et
227 2886 265 2927 ex
289 2865 422 2928 dimidia
446 2865 617 2930 coheredes
641 2867 709 2930 eius
733 2866 990 2932 condemnarent.

258 2973 306 3032 An
330 2975 426 3034 Servii
449 2994 629 3050 responsum
652 2976 701 3054 sit,
724 2976 756 3034 in
779 2976 868 3036 dubio
891 2977 1036 3055 relinquo.

494 3153 540 3210 De
563 3156 657 3227 operis
679 3155 852 3213 libertorum.

259 3263 310 3328 61.
330 3260 369 3326 D.
381 3262 432 3345 38,
445 3263 534 3342 rae.
562 3261 698 3327 Alfenus
708 3261 815 3328 Varus
830 3264 913 3329 libro
929 3266 1066 3349 septimo
1079 3264 1178 3350 Dige-

171 3357 292 3417 storum
304 3351 352 3434 (P.
363 3347 429 3436 26).
457 3349 600 3416 Medicus
615 3351 759 3436 libertus,
774 3353 858 3436 quod
872 3357 1011 3437 putaret,
1026 3353 1054 3418 si
1068 3355 1176 3419 liberti

171 3443 220 3504 sui
245 3440 435 3504 medicinam
460 3463 524 3505 non
546 3439 697 3524 facerent,
723 3443 825 3506 multo
848 3442 958 3525 plures
980 3443 1177 3525 imperantes
1272 3452 1273 3455 ’

73 3625 89 3631 Α
171 3528 231 3592 sibi
254 3529 454 3612 habiturum,
482 3529 682 3612 postulabat,
711 3532 747 3593 ut
773 3535 982 3614 sequerentur
1010 3552 1044 3594 se
1071 3553 1178 3614 neque
