2602 3912
168 162 210 225 26
257 163 304 218 111.
329 161 474 216 SEPTIMI
494 161 593 218 SAEC.
612 161 707 216 IURIS
730 162 898 218 CONSULT.
919 161 1042 217 SERIES
1060 161 1176 216 PtthA

257 325 286 389 2.
316 323 427 390 Cicero
451 325 488 389 de
512 325 566 392 fin.
592 327 668 409 1,4,
690 325 740 390 12.
766 361 803 370 -
831 347 881 408 an,
904 328 1016 410 partus
1040 325 1176 389 ancillae

169 413 251 477 sitne
283 415 315 477 in
349 414 454 480 fructu
481 414 663 496 habendus,
695 413 871 478 disseretur
901 416 986 478 inter
1014 414 1176 498 principes

169 502 324 582 civitatis,
347 501 380 568 P.
406 500 592 568 Scaevolam
616 502 835 586 Manliumque
859 501 1102 568 Manilium

256 593 287 656 3.
319 590 358 656 D.
372 591 425 670 41,
444 594 474 676 2,
493 593 547 672 35
563 594 592 658 3.
634 591 753 655 Paulus
777 592 860 654 libro
885 591 1177 676 quinquagensimo

169 683 284 764 quarto
307 680 347 744 ad
365 681 504 746 edietum
526 681 573 764 (P.
589 678 677 764 658).
700 716 737 726 -
761 729 812 744 ...
831 678 953 744 Brutus
972 685 1005 744 et
1023 679 1177 744 Manilius

167 772 286 852 putant
310 791 392 852 eum,
416 771 470 854 661
494 770 627 833 fundum
650 769 823 854 occoepit,
847 769 944 832 etiam
964 768 1177 834 thensaurum

168 863 303 942 cepisse,
328 861 473 942 quamvis
497 858 621 922 nesciat
645 858 800 922 infundo
825 879 904 922 esse.
1291 905 1293 942 .

256 947 285 1010 4.
318 944 429 1012 016616
463 946 503 1012 ad
535 947 611 1013 fam.
640 947 669 1030 7,
697 947 749 1012 22.
778 983 822 992 -
850 944 1004 1010 Illuseras
1037 945 1107 1009 heri
1133 993 1179 1026 ..,
1292 963 1293 1018 l

169 1034 252 1118 quod
291 1033 434 1100 dixeram
470 1037 723 1100 controversiam
761 1057 847 1119 esse,
888 1039 1037 1118 possetne
1073 1034 1179 1119 heres,
1292 1093 1293 1098 ,

169 1121 254 1207 quod
286 1124 407 1188 furtum
439 1131 536 1188 antea
567 1124 688 1189 factum
721 1128 819 1205 esset,
851 1123 928 1187 furti
955 1137 1041 1188 recte
1071 1144 1178 1208 agere.

167 1211 275 1295 itaque
369 1213 402 1276 id
430 1219 527 1295 caput
554 1213 609 1277 ubi
637 1213 716 1278 haec
744 1213 962 1278 controversia
991 1215 1040 1276 est
1064 1213 1178 1277 notavi

168 1303 200 1364 61
219 1301 416 1385 descriptum
434 1302 496 1366 tibi
515 1302 596 1384 misi,
620 1307 656 1366 ut
674 1301 772 1366 scires
791 1301 833 1384 id,
856 1303 941 1385 quod
959 1306 997 1366 tu
1015 1302 1178 1367 neminem

168 1388 306 1454 sensisse
321 1390 458 1474 dicebas,
478 1389 549 1455 Sex.
565 1391 703 1475 Aelium,
721 1389 767 1456 M’
783 1389 962 1474 Manilium,
981 1389 1023 1455 M.
1039 1389 1177 1454 Brutum

171 1499 316 1542 sensisse.

256 1567 285 1632 5.
309 1566 390 1634 Gell.
413 1569 461 1653 17,
478 1570 506 1650 7,
521 1569 550 1634 3.
572 1605 609 1615 -
703 1567 739 1644 Q.
759 1565 915 1632 Scaevola
937 1572 1060 1652 patrem
1083 1589 1191 1632 suum.

168 1658 200 1718 61
226 1653 365 1721 Brutum
393 1662 425 1721 et
447 1656 616 1722 Manilium
735 1657 897 1741 quaesisse
926 1657 973 1720 ait
1000 1655 1180 1721 dubitasse·

168 1766 241 1828 que,
279 1749 387 1810 utrum
424 1745 458 1810 in
495 1753 570 1832 post
605 1746 692 1810 facta
723 1744 819 1809 modo
852 1745 938 1810 furta
971 1745 1094 1810 valeret
1126 1746 1179 1810 lex

168 1855 209 1898 an
241 1835 339 1899 etiam
369 1835 403 1898 in
432 1839 528 1899 antea
555 1833 656 1916 facta,
689 1835 842 1917 quoniam
870 1833 1074 1917 ‘subruptum
1102 1832 1179 1898 erit'

166 1927 338 2006 utrumque
366 1929 493 2006 tempus
521 1924 685 1988 videretur
713 1923 896 2006 ostendere,
928 1928 995 1987 tam
1024 1924 1177 2007 praeteri·

166 2015 235 2074 tum
259 2034 355 2094 quam
380 2012 531 2076 futurum.

480 2221 674 2280 Actionum
697 2213 741 2302 (l)
766 2220 857 2279 libri

255 2343 436 2420 Pomponius
460 2342 479 2419 ξ
501 2346 540 2406 39
635 2338 771 2406 ‘Publius
794 2344 910 2404 Mucius
934 2345 1034 2404 decem
1057 2347 1178 2408 libellos
1291 2333 1293 2402 1

166 2433 302 2510 16116611,
335 2433 447 2492 Brutus
481 2437 608 2512 septem,
640 2434 781 2494 Manilius
811 2428 902 2511 tres'3
935 2435 988 2493 ubi
1015 2435 1178 2512 legendum
1292 2457 1293 2516 l

166 2523 267 2599 potius
290 2523 410 2582 videtur
434 2515 589 2583 ‘Manilius
613 2526 740 2601 septem,
768 2523 881 2582 Brutus
905 2517 987 2583 tres'.
1029 2525 1065 2583 of.
1085 2542 1178 2600 supra

165 2633 193 2690 p.
214 2614 263 2684 24,
288 2612 367 2671 infra
390 2633 418 2688 p.
437 2615 488 2672 41.

254 2702 411 2761 Manilium
438 2721 531 2779 aeque
555 2705 644 2778 atque
669 2700 699 2760 Ρ.
722 2701 854 2760 Mucium
879 2703 908 2760 61
930 2700 1061 2760 Β161661
1084 2701 1178 2762 etiam

166 2789 273 2848 dubias
311 2794 341 2849 et
377 2793 583 2851 controversas
620 2807 667 2848 res
704 2793 850 2848 tractasse
885 2791 1019 2866 apparet.
1073 2810 1178 2850 rerum
1292 2809 1293 2812 ’

167 2879 238 2938 ordo
263 2879 401 2954 cognosci
425 2879 540 2956 nequit:
564 2897 601 2937 ne
624 2878 714 2936 unius
738 2877 856 2954 quidem
875 2878 945 2937 libri
963 2882 1178 2956 argumentum

167 2967 306 3026 traditur.

258 3077 285 3140 1.
317 3075 419 3142 Varro
448 3077 529 3140 del.
553 3075 574 3140 1.
599 3075 688 3158 7,5,
709 3076 780 3140 105.
812 3111 849 3121 -
880 3097 997 3141 nexum
1020 3075 1175 3142 Manilius

168 3165 281 3230 scribit
308 3187 403 3234 omne
431 3166 514 3248 quod
538 3186 596 3248 per
618 3165 736 3229 libram
760 3169 793 3228 et
816 3187 865 3229 res
890 3166 1025 3250 geritur,
1052 3166 1086 3228 16
1110 3187 1175 3249 666

168 3256 233 3320 6161
256 3254 426 3337 mancipia.

170 3370 171 3374 ¹
255 3345 284 3408 2.
308 3343 462 3407 Priscian.
479 3343 565 3421 8,16
584 3365 614 3426 p.
629 3343 694 3408 382
714 3342 760 3408 ed.
780 3342 887 3408 Hertz.
902 3379 946 3389 —
960 3343 1075 3406 melius
1095 3340 1175 3430 (for-

165 3437 252 3497 tasse
276 3430 327 3497 M'.
347 3431 513 3516 Manilius)
538 3431 686 3516 impubes
710 3432 866 3518 libripens
891 3453 1045 3497 essenon
1064 3436 1175 3516 potest

165 3543 269 3608 neque
293 3520 458 3586 antestari.
