2588 3908
155 201 229 264 ,172
267 200 314 256 VI.
339 198 472 254 OCTAVI
492 198 590 254 SAEC.
609 197 706 252 lUltlS
726 195 899 252 CONSULT.
916 195 1041 250 SERIES
1059 195 1171 250 PRIMA

165 367 235 428 erat
254 366 287 428 et
305 385 376 428 eam
396 361 525 426 domino
545 360 689 426 dederat:
709 359 857 424 dominus
876 359 966 444 prius
986 380 1084 442 quam
1102 380 1172 422 eum

167 453 426 536 manumitteret,
463 455 610 516 mortuus
643 452 714 514 erat
745 451 1002 532 testamentoque
1034 447 1172 512 liberum

166 563 235 607 esse
266 543 406 606 iusserat
437 543 470 604 et
502 539 532 604 ei
560 539 720 623 peculium
748 560 841 602 suum
873 537 1047 623 legaverat
1104 558 1173 601 con-

166 630 301 715 sulebat,
320 652 417 714 quam
436 630 606 714 pecuniam
621 627 751 692 domino
767 627 906 690 dedisset
925 626 967 691 ob
982 625 1173 709 libertatem,

166 741 208 784 an
230 740 302 783 eam
333 719 394 784 sibi
416 716 550 782 heredes
577 716 708 800 patroni
731 715 862 780 reddere
891 715 1044 782 deberent
1066 737 1171 780 neone.

166 807 343 892 respondit,
366 807 394 871 si
417 828 488 870 eam
512 805 682 889 pecuniam
706 803 866 886 dominus,
888 807 1102 888 posteaquam
1127 827 1173 869 ac·

168 897 321 980 cepisset,
343 895 378 959 in
401 915 476 958 suae
499 894 653 978 pecuniae
675 893 834 958 rationem
857 893 1039 976 habuisset,
1062 894 1175 958 statim

166 985 286 1049 desisse
318 983 386 1048 eius
418 983 536 1068 peculii
569 1003 649 1046 esse:
685 982 740 1046 sed
773 981 802 1046 si
829 981 966 1063 interea,
999 982 1075 1046 dum
1103 1003 1174 1046 eum

165 1073 417 1152 manumitteret,
437 1075 604 1154 acceptum
625 1092 717 1135 servo
731 1070 921 1150 rettulisset,
939 1071 1042 1136 rideri
1055 1071 1174 1154 peculii

165 1163 264 1227 fuisse
297 1165 330 1225 et
362 1161 477 1234 debere
509 1159 643 1224 heredes
676 1181 747 1224 eam
779 1160 949 1244 pecuniam
977 1161 1174 1224 manumisso

165 1252 305 1316 reddere.

261 1370 357 1431 Schol.
368 1369 406 1428 ad
417 1369 634 1447 Basil.48,1‚6
650 1368 787 1430 Serrium
799 1367 1027 1446 respondentem
1035 1370 1178 1430 nominat

258 1490 308 1555 16.
327 1487 366 1554 Ι).
376 1489 429 1572 40,
441 1490 469 1566 1,
481 1491 509 1554 7.
532 1489 621 1553 Idem
636 1487 788 1574 (Alfenus
803 1485 923 1576 Varus)
939 1489 1023 1554 libro
1039 1489 1175 1574 septimo

167 1577 377 1664 Digestorum
392 1576 442 1664 (P.
452 1575 520 1664 25).
551 1576 626 1643 Duo
643 1579 704 1642 filii
717 1577 858 1652 familias
872 1577 1050 1662 peculiares
1066 1599 1176 1643 servos
1273 1579 1274 1584 ’

168 1667 344 1751 separatim
358 1671 493 1752 uterque
507 1667 685 1732 habebant:
701 1688 740 1732 ex
752 1667 804 1731 his
819 1667 903 1732 alter
913 1667 1074 1732 servulum
1085 1689 1178 1732 suum

167 1755 362 1840 peculiarem
385 1757 459 1821 viro
483 1760 574 1840 patre
598 1755 798 1820 manumisit:
822 1760 914 1840 pater
931 1756 1058 1840 utrique
1081 1759 1180 1822 testa·

168 1848 279 1910 mento
309 1846 471 1930 peculium
500 1845 754 1928 praelegaverat.
807 1844 1034 1927 quaerebatur,
1067 1866 1179 1909 servus

167 1933 231 1998 iste
254 1937 364 1999 utrum
388 1934 557 1998 amborum
581 1955 623 1997 an
646 1933 714 1997 eius
739 1953 843 2016 aquo
867 1932 1086 1998 manumissus
1110 1937 1179 1998 erat
1277 1928 1278 1948 ¹

167 2022 304 2087 libertus
328 2027 420 2086 esset.
467 2021 644 2105 respondit,
667 2021 694 2085 si
717 2021 808 2106 prius
832 2025 1062 2087 testamentum
1084 2026 1179 2106 pater

170 2110 309 2193 fecisset,
333 2132 429 2194 quam
453 2110 537 2174 filius
561 2132 634 2174 eum
657 2109 797 2175 liberum
816 2132 885 2176 esso
904 2111 1060 2193 iussisset,
1083 2112 1179 2176 unius

171 2220 240 2262 esse
268 2199 434 2278 libertum,
462 2198 534 2263 ideo
562 2198 648 2284 quod
676 2220 749 2263 eum
772 2221 899 2284 quoque
926 2201 961 2264 in
982 2200 1109 2284 peculio
1134 2202 1180 2265 le-

171 2307 265 2372 gasse
291 2287 464 2352 videretur:
492 2285 548 2352 sed
577 2289 605 2352 si
627 2291 741 2372 postea
764 2291 996 2354 tastamentum
1018 2292 1112 2373 pater
1135 2289 1181 2353 fe·

170 2374 281 2458 cisset,
308 2397 374 2440 non
401 2375 502 2442 videri
530 2399 602 2441 eom
629 2382 772 2442 mentem
800 2378 867 2442 eius
895 2377 1010 2461 fuisse,
1036 2382 1074 2442 ut
1097 2400 1182 2463 eum,

170 2467 226 2548 qui
240 2464 459 2530 manumissus
473 2469 567 2549 esset,
581 2466 706 2552 legaret
720 2488 854 2550 eumque
871 2489 1010 2550 servum,
1028 2469 1182 2551 quoniam

170 2554 378 2640 praelegatus
401 2577 467 2620 non
487 2558 580 2638 esset,
603 2560 731 2620 mortuo
750 2560 844 2641 patre
863 2556 1032 2621 amborum
1052 2577 1181 2622 seruum

169 2642 280 2708 fuisse.

544 2730 587 2784 De
605 2731 692 2798 suado
711 2732 805 2800 tepula.
888 2785 889 2789 ,

262 2839 312 2904 17.
343 2837 382 2903 D.
401 2841 453 2922 32,
472 2840 516 2904 60
543 2843 563 2916 ξ
585 2841 614 2904 3.
652 2839 787 2904 Alfenus
810 2839 894 2904 libro
919 2840 1057 2906 secundo
1082 2840 1182 2926 Dige-

171 2929 298 2991 storum
317 2926 454 2992 aPaulo
474 2929 724 3010 epitomatorum
739 2925 789 3014 (P.
799 2925 865 3013 39).
897 2927 1042 2993 Praediis
1062 2929 1181 3014 legatis

170 3021 205 3078 et
232 3037 314 3098 quae
343 3037 454 3080 eorum
483 3015 688 3098 praediorum
715 3017 922 3082 colendorum
950 3039 1048 3082 causa
1071 3023 1183 3102 empta

170 3108 350 3188 parataque
378 3109 501 3188 essent,
529 3125 631 3188 neque
658 3105 833 3188 topiarium
860 3127 963 3191 neque
989 3107 1183 3172 saltuarium

172 3193 316 3278 legatum
335 3192 437 3257 videri
455 3194 514 3257 ait:
532 3193 707 3276 topiarium
726 3193 811 3258 enim
826 3195 971 3278 ornandi,
990 3196 1183 3260 saltuarium

174 3286 283 3347 autem
301 3282 414 3347 tuendi
434 3285 466 3346 et
485 3282 687 3346 custodiendi
705 3282 796 3347 fundi
814 3285 920 3369 magis
940 3306 1037 3369 quem
1055 3284 1183 3350 colendi
1223 3321 1228 3332 ·

170 3375 322 3455 paratum
354 3392 437 3435 esse:
470 3371 595 3435 asinum
628 3371 861 3436 machinarium
893 3374 1036 3458 legatum
1067 3372 1182 3438 videri:

171 3461 249 3523 item
278 3481 368 3542 oves,
396 3481 475 3541 quae
504 3459 704 3524 stercorandi
731 3460 823 3524 fundi
853 3482 950 3525 causa
974 3466 1182 3546 pararentur:

82 3628 88 3629 γ
171 3548 251 3611 item
275 3548 464 3632 opilionem,
487 3549 515 3613 si
539 3548 607 3613 eius
631 3549 759 3632 generis
784 3571 859 3614 oves
884 3554 1020 3614 curaret.
