2602 3912
177 176 220 241 66
256 175 303 232 IV.
326 175 471 232 SEPTIMI
484 175 581 232 SAEC.
596 176 695 231 IURIS
715 175 887 234 CONSULT.
903 176 1186 233 sactissimus

266 345 361 404 Tertii
389 345 505 420 generis
533 344 710 422 fragmentis
732 344 824 403 Mucii
850 364 958 404 nomen
981 348 1185 422 praepositum

175 437 234 513 est,
267 435 347 512 quod
374 433 530 510 Pomponii
561 451 670 493 nomen
702 451 789 509 saepe
820 435 943 511 excipit,
975 435 1020 494 ita
1046 441 1083 495 ut
1109 437 1186 496 talia

174 523 324 600 legamus:
353 516 493 592 ‘Quintus
516 523 631 581 Mucius
660 514 714 580 ait'
742 523 792 581 vel
820 516 948 582 ‘scribitt
1056 524 1184 600 Pompo-

173 610 256 670 nius:
281 605 348 671 ...'
372 611 529 687 Pomponii
552 629 622 670 uero
641 629 749 670 nomen
768 611 800 669 in
817 611 864 670 his
882 612 956 670 locis
974 631 1034 672 non
1053 614 1184 692 abipso,

174 701 227 760 sed
250 700 288 759 ab
311 701 381 773 alio,
404 701 467 760 sive
490 699 656 778 glossatore
680 700 742 758 sive
761 699 943 760 Tribocis-no
963 702 1099 760 additum
1119 721 1184 762 esse

173 790 367 849 manifestum
404 790 458 848 est.
516 788 568 864 qui
603 787 736 846 eiusdem
772 787 930 864 Pomponii
966 790 1004 848 ad
1040 790 1185 852 Sabinum

173 879 342 955 fragmenta
368 877 519 954 inspiciet,
545 877 646 952 ipsum
670 875 812 936 Sabinum
840 878 1013 955 loquentem
1035 898 1183 957 nusquam

172 967 317 1043 inveniet,
345 967 396 1026 sed
421 966 617 1042 Pomponium
643 969 762 1024 tantum
787 965 891 1026 Sabini
918 969 1081 1028 sententias
1107 970 1183 1028 refe-

172 1059 295 1114 rentem.
329 1055 464 1131 exempla
482 1058 553 1113 sunt
566 1054 602 1113 D.
619 1055 739 1130 35,1,c
756 1046 802 1135 (P.
813 1048 891 1136 423)
907 1050 1047 1116 ‘Sabinus
1062 1076 1182 1135 quoque

172 1147 204 1204 et
223 1142 344 1203 Cassius
363 1143 450 1220 quasi
466 1142 666 1218 impossibiles
684 1161 735 1202 eas
754 1143 941 1204 condiciones
1031 1164 1095 1206 esse
1114 1194 1120 1206 .
1136 1142 1172 1207 ..'
1270 1164 1273 1168 ·

173 1234 224 1306 25,
244 1236 273 1303 2,
293 1235 312 1292 8
336 1223 384 1314 (Ρ.
405 1223 483 1313 633)
507 1225 648 1291 ‘Sabinus
670 1231 726 1304 ait,
751 1233 776 1292 si
799 1233 907 1292 mulier
929 1252 977 1292 res
1000 1253 1074 1310 quas
1098 1194 1182 1296 amo,

171 1321 250 1382 uerit
272 1341 332 1380 non
354 1321 473 1394 reddat,
497 1320 651 1380 aestimari
674 1314 795 1379 debere'
819 1324 849 1380 et
872 1341 898 1398 q.
918 1341 942 1380 s.

260 1410 458 1486 Pomponium
471 1408 564 1468 Mucii
582 1409 675 1470 verba
690 1409 756 1484 ipsa
773 1409 892 1487 integra
910 1411 1099 1488 exscripsisse
1118 1414 1183 1472 veri

171 1499 314 1559 dissimile
338 1504 391 1558 est.
437 1501 542 1558 contra
565 1498 787 1570 Tribonianum,
816 1499 868 1576 qui
891 1499 1004 1560 solidae
1027 1501 1181 1562 doctrinae

170 1587 297 1666 gloriam
330 1587 503 1666 appetebat,
536 1606 554 1646 a
580 1586 743 1662 Pomponio
773 1588 870 1647 relata
896 1588 988 1648 Mucii
1015 1591 1109 1650 verba
1135 1591 1180 1650 ita

170 1679 302 1738 mutasse
325 1683 412 1754 puto,
435 1675 522 1754 quasi
543 1675 638 1752 ipsius
660 1675 751 1735 Mucii
774 1676 859 1736 libris
882 1695 956 1736 usus
980 1678 1033 1755 sit,
1056 1680 1136 1755 quod
1161 1700 1179 1739 a

170 1767 400 1842 compilatorum
426 1765 543 1825 ratione
570 1783 630 1822 non
653 1765 783 1823 alienum
807 1783 871 1825 esse
893 1766 984 1842 periti
1006 1787 1066 1827 non
1088 1787 1179 1846 nega-

170 1856 253 1915 bunt.
290 1855 427 1933 Krueger
444 1857 524 1913 certe
542 1872 603 1912 non
621 1852 768 1929 dissentit,
790 1872 860 1912 nam
877 1875 906 1930 p.
923 1856 986 1913 174
1005 1875 1033 1914 n.
1049 1859 1067 1917 9
1086 1857 1181 1918 Mucii

169 1944 261 2004 verba
278 1944 310 2002 in
328 1944 389 2002 illis
408 1941 583 2020 fragmentis
602 1941 714 2000 tradita
732 1960 797 2001 esse
815 1946 907 2021 negat
930 1935 1038 2024 („doch
1058 1946 1180 2007 dtlrften

169 2033 201 2091 in
224 2032 326 2091 diesen
345 2031 458 2090 Stellen
481 2032 574 2088 kaum
596 2029 644 2088 die
662 2029 768 2089 Worte
792 2031 844 2090 des
865 2031 898 2101 Q.
917 2032 1034 2092 Mucius
1057 2035 1180 2095 wieder·

169 2121 303 2199 gegeben
317 2111 421 2199 sein“).
454 2118 600 2195 quomodo
616 2117 796 2195 Pomponius
810 2119 972 2198 scripserit,
987 2121 1022 2182 D.
1034 2125 1084 2200 24,
1096 2127 1124 2200 1,
1136 2128 1176 2185 51

169 2209 268 2268 docet:
304 2207 397 2266 Mucii
428 2207 577 2266 sententia
610 2208 707 2266 relata
738 2207 919 2284 Pomponius
950 2211 1087 2286 protinus
1120 2234 1181 2290 qua

167 2297 284 2356 ratione
306 2297 436 2356 Mucium
465 2295 589 2354 ductum
610 2296 703 2357 fuisse
727 2297 878 2357 existimat
900 2299 1003 2359 adicit:
1033 2295 1179 2362 ‘evitandi

168 2388 269 2446 autem
300 2385 398 2463 turpis
426 2389 566 2462 quaestus
594 2385 693 2461 gratia
720 2386 800 2446 circa
827 2406 949 2446 uxorem
975 2389 1030 2448 hoo
1056 2389 1180 2451 videtur

169 2473 298 2545 Quintus
320 2473 438 2534 Mucius
460 2468 625 2550 probasse'.

255 2563 316 2623 Ubi
334 2563 516 2640 Pomponius
538 2563 570 2622 in
592 2563 676 2623 libris
700 2564 739 2622 ad
757 2563 901 2624 Sabinum
921 2567 969 2624 vel
987 2566 1026 2626 ad
1045 2567 1178 2629 Mucium

167 2653 302 2713 oratione
335 2652 456 2729 obliqua
487 2652 599 2730 utitur,
632 2653 756 2712 alterius
790 2654 910 2731 quidem
941 2654 1016 2714 iuris
1046 2660 1178 2717 consulti

167 2743 346 2801 sententiam
368 2741 475 2801 referri
497 2745 637 2818 apertum
660 2746 715 2818 est,
738 2742 791 2801 sed
812 2744 916 2801 utrum
935 2742 961 2802 is
980 2742 1109 2805 Sabinus
1128 2748 1178 2806 vel

165 2829 282 2890 Mucius
302 2832 342 2890 sit
360 2849 398 2890 an
415 2829 501 2907 alius,
519 2830 667 2889 incertum
684 2833 826 2891 remanet.
859 2830 952 2891 Lenel
969 2833 1047 2892 idem
1062 2835 1178 2896 iudicat

166 2918 198 2977 in
211 2918 369 2995 Pomponii
382 2918 420 2976 ad
435 2917 579 2977 Sabinum
592 2918 678 2977 libris
691 2920 879 2980 recensendis
895 2913 945 3000 (cf.
955 2920 989 2980 P.
1001 2923 1074 3000 552,
1086 2919 1175 3004 555),

163 3007 196 3064 in
218 3007 310 3066 Mucii
337 3009 439 3066 autem
464 3006 642 3085 fragmentis
665 3007 840 3086 colligendis
862 3010 960 3068 minus
983 3014 1070 3070 caute
1094 3016 1174 3089 agit3

165 3113 235 3154 nam
262 3095 320 3154 duo
348 3095 517 3172 fragmenta
545 3086 600 3173 (5b
623 3098 655 3154 et
680 3089 737 3174 22)
764 3115 824 3156 non
852 3098 912 3156 alia
938 3101 1052 3160 ratione
1075 3100 1176 3162 Mucio

165 3183 313 3256 attribuit
339 3203 429 3262 quam
452 3183 533 3261 quod
552 3184 733 3260 Pomponius
756 3185 891 3246 oratione
915 3187 1035 3265 obliqua
1057 3193 1174 3251 utatur.

164 3275 298 3332 ceterum
320 3271 526 3349 ianomponii
550 3273 644 3348 ipsius
668 3273 752 3332 libris
776 3275 961 3334 recensendis
984 3277 1060 3338 hanc
1083 3280 1176 3338 ratio·

163 3382 233 3422 nem
255 3382 313 3421 non
337 3363 435 3422 valere
458 3362 521 3438 ipse
544 3363 709 3438 perspexit:
731 3382 801 3422 nam
825 3363 864 3422 ad
886 3365 1087 3442 fragmentum
1109 3369 1174 3428 252

165 3445 199 3531 (ἕ
217 3445 249 3532 1)
269 3451 304 3514 de
323 3451 421 3512 Mucio
440 3451 514 3510 nihil
535 3452 668 3529 adnotat,
691 3453 828 3529 quamvis
851 3453 904 3513 illo
923 3455 987 3514 loco
1006 3457 1175 3532 scripserit:

164 3534 204 3600 ‘u
225 3541 326 3619 Pomp.
346 3541 376 3601 h.
394 3542 414 3600 1.
438 3560 506 3600 oum
528 3533 620 3601 nota'.
