2602 3912
290 205 314 252 r.
339 198 370 266 o.
388 197 524 254 noeros
543 199 573 252 Ρ.
589 199 618 254 r.
633 198 662 252 P.
677 200 712 256 n.
728 199 920 256 scrnvom
1070 201 1113 264 69
1148 189 1150 194 ’

13 383 14 420 1
93 366 163 437 aiis,
199 366 363 440 mandatis,
396 367 487 426 rebus
516 368 624 444 emptis
651 368 798 445 uenditis,
826 369 980 429 oonduotis
1008 370 1114 430 looatis

93 458 248 532 statuere,
272 456 344 532 quid
368 474 515 534 quemque
539 455 646 534 ruique
669 461 822 533 praestare
846 461 1010 536 oporteret,
1033 458 1114 518 idom

94 564 181 622 aum,
214 544 266 621 qui
297 563 361 604 rom
392 544 534 604 utendam
569 546 606 604 ab
640 546 699 604 alio
729 549 897 622 acceperut,
930 565 990 606 non
1017 547 1114 607 solum

95 634 180 708 dolo,
209 633 261 692 sed
285 634 376 692 etiam
400 634 490 710 eulpa
512 635 571 693 levi
595 634 755 694 obnoxium
778 635 843 694 fieri
865 635 979 710 primus
1003 635 1114 696 doonit.

95 722 179 782 idem
210 724 369 798 poetarum
401 723 472 783 deos
501 723 600 796 roioit,
634 723 714 802 quod
741 743 800 782 non
828 723 914 783 bonis
942 723 1113 784 bominibus

98 811 216 870 similes
244 812 317 886 sint,
345 811 397 870 sed
423 811 526 886 turpia
554 813 692 891 faciant,
707 813 794 872 velut
820 813 961 872 furentur
988 813 1037 872 vel
1063 813 1115 872 ad·

13 925 14 984 }
97 901 280 960 ulterentur.
322 899 440 958 Mucius
464 901 592 960 fortasse
616 901 705 980 etiam
728 901 759 960 id
778 903 893 976 primus
912 902 1014 961 docuit
1033 902 1114 979 quod

13 1007 14 1044 ‡
97 989 134 1048 D.
155 990 331 1065 51111141
356 989 436 1065 apud
459 989 623 1066 Ulpianum
646 991 790 1064 legimus:
819 983 1114 1068 Ε111141111111141111

97 1081 210 1136 natura
231 1077 336 1152 turpia
359 1081 430 1136 sunt
453 1123 503 1138 ...
527 1083 640 1155 utputa
661 1079 779 1138 furtum
802 1074 997 1138 adulterium'

190 1289 284 1348 Lenel
296 1289 389 1348 Mucii
406 1289 482 1348 iuris
501 1289 599 1350 civilis
617 1291 762 1350 librorum
780 1292 950 1370 fragmenta
968 1293 1000 1350 in
1013 1291 1115 1351 Palin·
1185 1350 1186 1354 ,

13 1361 14 1432 f
105 1379 227 1454 genesio
249 1377 294 1437 ita
312 1377 468 1454 disposuit,
492 1383 527 1437 ut
544 1379 640 1454 primo
659 1380 724 1438 looo
743 1380 849 1454 positis
867 1380 913 1457 iis,
937 1399 1013 1458 quae
1031 1381 1117 1441 vela

13 1479 14 1492 *
105 1467 203 1528 Gellio
225 1467 275 1526 vel
298 1467 335 1526 ab
354 1465 484 1542 Ulpiano
506 1465 595 1526 certis
614 1467 699 1526 libris
717 1469 928 1528 attribuuntur
946 1469 1117 1546 additisque

103 1556 267 1632 nonnullis,
292 1575 368 1632 quae
392 1554 554 1614 eorundem
577 1555 723 1616 librorum
745 1557 802 1615 dioi
821 1561 948 1632 possunt
966 1549 1116 1638 (1—11)‚

101 1665 137 1705 11
164 1647 323 1722 adiungat,
355 1662 433 1722 quae
460 1643 643 1704 incertorum
669 1644 816 1704 librorum
845 1649 916 1704 sunt
943 1637 1115 1728 (12-41),

102 1735 266 1794 secundum
286 1733 421 1794 ordinem
440 1734 471 1792 in
485 1733 642 1810 Pomponii
661 1733 748 1792 libris
766 1733 968 1807 observatum,
986 1735 1115 1794 rubricis

103 1823 232 1884 insertis.
280 1821 468 1896 singulorum
495 1841 566 1882 roro
589 1822 777 1882 rubrioorum
800 1823 984 1898 fragmenta,
1010 1823 1115 1900 paucis

103 1913 243 1988 exceptis,
262 1910 367 1970 eodem
385 1911 488 1970 ordine
503 1911 663 1972 collocavit
678 1931 737 1988 quo
752 1911 783 1970 in
798 1911 931 1989 Digestis
946 1914 1115 1984 ooourrunt.

102 2019 199 2078 neque
227 1999 394 2076 Pomponii·
416 1999 582 2059 aliorumve
615 2001 819 2059 additamenta
851 2019 869 2058 a
897 2000 988 2060 Mucii
1015 2000 1115 2061 verbis

13 2137 14 2140 ¹
103 2091 239 2150 seiunota
271 2092 342 2149 sunt
370 2079 415 2169 (9,
435 2091 485 2161 19,
505 2090 561 2166 32,
581 2091 636 2165 34,
656 2091 707 2165 37,
726 2081 804 2169 43²²)
832 2108 929 2166 neque
955 2089 1116 2149 Iustiniani

13 2185 14 2240 ζ
104 2179 301 2238 deliramenta
319 2177 431 2236 reiecta
446 2167 528 2258 (16),
561 2177 687 2254 deniquo
707 2177 884 2256 fragmenta,
902 2197 978 2255 quae
997 2178 1117 2238 divorsa

13 2297 14 2336 1
105 2267 271 2344 continent,
298 2283 395 2342 nequo
423 2266 455 2324 in
482 2265 528 2324 his
555 2267 640 2326 libris
665 2257 735 2348 (bb)
761 2285 857 2340 nequo
880 2268 910 2325 in
935 2264 1014 2347 ὅρων
1035 2267 1114 2328 libro

13 2349 14 2392 ³
104 2355 167 2431 (48,
187 2347 243 2438 50)
268 2354 428 2432 dispertita
451 2358 528 2414 sunt.
571 2417 572 2424 ,

13 2455 14 2482 1
193 2445 259 2522 Ego
291 2444 462 2520 fragmenta
493 2443 697 2520 probabilibus
726 2444 894 2504 rationibus
922 2445 1020 2520 quoad
1048 2445 1115 2503 fieri

13 2547 14 2564 1
104 2533 205 2611 potuit
235 2533 268 2591 in
300 2533 433 2592 ordinem
464 2531 580 2610 redegi,
612 2551 700 2610 quem
732 2532 893 2608 pristinum
925 2553 957 2591 11
984 2551 1056 2592 vera
1083 2534 1115 2590 in

106 2623 241 2682 omnibus
270 2640 317 2680 mo
345 2623 515 2680 assecutum
543 2639 608 2680 esse
635 2621 765 2680 multum
791 2621 876 2680 abest
898 2623 934 2678 ut
956 2640 1009 2696 pro
1033 2625 1114 2680 oerto

13 2703 14 2778 1
105 2711 209 2771 dioam.
251 2712 283 2769 at
305 2709 467 2787 imaginem
491 2709 640 2786 quandam
659 2709 865 2768 Marianorum
884 2709 1029 2768 librorum
1046 2727 1114 2786 pro·

13 2795 14 2866 1
105 2800 271 2877 ponendam
290 2797 370 2876 duxi,
390 2801 492 2858 sinon
511 2801 623 2858 oertam
643 2802 734 2874 atque
753 2797 961 2873 indubitatam,
980 2800 1114 2858 attamen

106 2908 184 2967 eam,
210 2906 287 2965 quas
310 2887 397 2962 quasi
420 2889 517 2963 operis
540 2887 647 2946 umbra
669 2887 774 2946 haberi
797 2887 899 2964 possit.

528 3135 637 3195 Liber
665 3135 689 3196 1.

375 3259 422 3318 De
443 3263 616 3320 testamentis
640 3259 679 3332 (et
701 3262 843 3336 tepottst).

101 3360 105 3368 ¹
194 3385 382 3470 Quamquam
406 3383 442 3442 de
466 3389 643 3460 argumento
664 3385 734 3444 libri
752 3385 827 3444 nihil
845 3385 954 3443 diserto
972 3382 1114 3460 traditur,

106 3481 136 3538 14
166 3493 214 3536 111
246 3473 313 3550 ipsa
340 3474 371 3532 14
398 3471 493 3531 Laelii
520 3473 629 3532 Felicis
657 3477 687 3532 14
713 3472 870 3548 Pomponii
896 3472 973 3530 liber
999 3471 1114 3546 primus

106 3563 298 3626 manifestum
320 3560 406 3640 fauit,
431 3561 563 3620 Muoium
585 3561 664 3622 libro
687 3561 782 3638 primo
806 3560 842 3620 de
865 3562 1115 3618 testamentorum
