2600 3908
186 176 249 240 116
293 176 326 232 V.
349 173 497 230 SEPTIMl
511 172 611 229 SAEC.
625 172 721 229 IURIS
736 171 906 229 CONSULT.
922 171 1047 226 SERIES
1061 170 1202 226 TERTIA

183 345 404 422 Nachalimung
436 343 488 402 des
515 341 717 402 Edictssatzes
745 361 812 420 aua,
845 341 974 401 sondern
1002 341 1111 419 genade
1139 341 1199 400 wie
1286 327 1288 366 ³

158 495 160 498 ,
185 433 251 492 eine
275 432 442 510 Erfinduug
464 432 517 490 des
539 429 572 500 Q.
591 431 718 509 Mucius,
742 431 794 489 der
817 430 894 489 auch
917 430 983 488 hier
1006 430 1053 489 die
1076 429 1140 488 ihm
1163 447 1198 488 so
1287 461 1288 468 κ

182 521 263 582 liobe
282 521 357 581 fides
373 522 453 580 bona
467 513 629 598 anbringt.'
661 514 800 595 ‘Ulpians
814 519 1005 596 Bemerkung
1019 518 1051 577 in
1064 519 1100 578 fr.
1117 521 1135 576 2
1151 538 1199 594 pr.

183 611 220 670 de
250 611 309 670 dm,
337 629 397 670 exc.
422 610 514 686 44,4
546 609 600 668 hat
631 609 717 668 lisine
747 607 981 686 geschichtliche
1008 607 1200 685 Bedeutung,
1287 607 1288 680 3

183 700 241 760 wie
275 700 324 758 ioh
356 699 409 757 das
439 697 543 756 frflher
570 712 787 775 angenomman
812 697 889 755 habe
914 689 976 756 ...⁹
1002 690 1073 756 .‘So
1100 695 1200 756 bleibt
1287 699 1288 778 3

184 788 349 864 cigentlich
371 806 431 845 nur
453 786 501 844 die
519 786 710 862 Bemerkung
728 785 855 862 Ulpians
878 777 927 863 (fr.
943 788 963 844 4
979 785 1011 844 P.
1028 787 1068 845 33
1084 785 1121 844 de
1136 785 1198 844 dm.
1287 783 1288 864 3

184 897 248 936 exc.
271 878 323 954 44,
338 867 387 956 4);
416 877 515 934 metus
543 893 634 933 causa
661 875 865 951 exceptionem
892 873 1013 934 Cassius
1040 892 1100 932 non
1126 894 1198 949 pro·
1287 871 1288 890 l

183 969 337 1042 posuerat,
362 967 519 1024 contentus
539 963 601 1022 doli
620 964 801 1040 exceptione,
820 981 897 1040 quae
917 966 963 1021 est
980 963 1152 1038 generalis.
1169 1009 1197 1022 ..

184 1055 246 1112 Der
280 1051 422 1112 Gedanke
454 1053 509 1110 ist:
547 1050 669 1111 Cassius
700 1051 777 1126 habe
810 1051 857 1111 die
890 1070 949 1110 exc.
982 1053 1081 1110 metus
1112 1053 1199 1111 nicht
1287 1049 1288 1126 j

186 1135 396 1219 ‘proponiert',
424 1141 493 1199 weil
521 1139 619 1199 seiner
641 1140 768 1200 Ansieht
794 1141 870 1199 nach
898 1139 946 1199 die
974 1159 1034 1200 exc.
1063 1139 1125 1199 doli
1153 1141 1199 1200 als
1287 1131 1288 1168 l

185 1230 364 1309 allgemeine
397 1229 475 1289 auch
503 1229 553 1288 fdr
582 1229 629 1288 die
658 1230 741 1288 Falle
769 1229 821 1288 des
849 1229 992 1307 Zwanges
1020 1226 1218 1289 eusroiohteq

185 1320 311 1379 Danach
333 1320 467 1378 konnten
488 1337 526 1376 zu
548 1318 646 1378 ssiner
663 1313 730 1378 Zeit
749 1319 840 1379 sehon
858 1318 944 1377 beide
963 1317 1112 1378 Einreden
1130 1337 1198 1378 vor·

184 1407 305 1468 handen
328 1407 392 1467 sein
411 1455 416 1467 .
433 1453 461 1466 ..
494 1405 551 1466 Die
575 1407 749 1468 octavische·
764 1407 884 1468 Formel
906 1407 955 1466 fdr
977 1407 1026 1466 die
1049 1425 1076 1468 a.
1098 1410 1198 1466 metus

184 1498 256 1556 falli
274 1495 352 1556 noch
364 1499 454 1555 unter
467 1495 570 1556 Sullas
586 1497 764 1575 Regiorung,
783 1497 955 1556 frdhestens
968 1495 1015 1554 ins
1029 1496 1056 1553 J.
1068 1490 1198 1574 679475,

184 1588 260 1645 kurz
287 1605 342 1647 vor
369 1585 417 1644 die
444 1585 672 1646 makedonisohe
696 1586 808 1645 Prttur
834 1585 886 1644 des
914 1585 948 1645 L.
970 1583 1110 1644 Metellus
1138 1605 1199 1645 von

187 1668 315 1754 684470.
362 1673 418 1734 Die
449 1675 582 1750 exceptio
616 1673 688 1734 aber
719 1675 759 1733 ist
793 1678 855 1733 erst
881 1677 984 1750 sptter
1010 1674 1198 1733 entstanden.

185 1764 290 1824 Damit
316 1764 456 1823 kommen
484 1764 539 1823 wir
570 1764 661 1822 sehon
688 1763 734 1822 bis
761 1762 808 1822 ins
830 1763 908 1821 dahr
935 1762 988 1820 der
1009 1762 1122 1822 Pratur
1145 1764 1197 1822 das

183 1853 338 1930 Aquillius
362 1845 523 1932 (688s66)2
557 1851 619 1910 und
648 1851 712 1910 dies
740 1852 815 1911 wind
842 1869 912 1909 man
939 1850 1015 1910 doch
1042 1852 1124 1911 wohl
1152 1852 1197 1912 als

184 1943 242 2001 den
270 1944 425 2018 apstesten
453 1940 615 2015 Zeitpunlxt
642 1940 691 1998 fllr
719 1940 767 1999 die
794 1940 985 2016 dlinfflhrung
1013 1939 1066 1998 der
1088 1941 1197 2000 Dolus·

183 2030 386 2090 rechtsmittel
408 2029 538 2087 ansehsn
561 2023 701 2088 meissen?

274 2125 441 2203 Aquillium
459 2125 497 2184 ad
516 2126 685 2202 exemplum
699 2125 792 2184 Mucii
810 2125 902 2184 etiam
916 2125 978 2185 doli
993 2127 1198 2203 exceptionem

183 2215 367 2274 auctoritate
386 2231 440 2272 sua
456 2213 657 2273 introduxisse
676 2214 809 2274 dubitari
826 2214 940 2291 nequit.
977 2215 1008 2274 in
1027 2234 1117 2276 causa
1135 2216 1198 2292 illa,

186 2321 277 2379 quam
292 2301 412 2362 Gallum
427 2302 596 2379 Aquillium
613 2303 761 2363 iudicasse
774 2303 914 2363 Valesius
928 2304 1078 2364 Maximus
1097 2305 1197 2378 refert,

184 2392 275 2451 iudex
308 2409 389 2467 eum,
418 2392 470 2468 qui
494 2391 558 2450 iure
587 2391 669 2453 civili
696 2392 868 2468 tenebatur,
894 2393 1012 2469 ‘primus
1036 2393 1197 2470 aequitatis

185 2481 302 2541 ratione
340 2480 504 2541 absolvisse
537 2481 670 2555 videtur,
703 2485 734 2541 et
768 2481 889 2559 quidem
922 2481 985 2541 doli
1016 2482 1197 2558 exceptionis

186 2570 308 2630 auxilio.
359 2569 445 2646 quid,
472 2570 498 2630 si
525 2570 623 2647 ipsum
651 2569 819 2646 Aquillium
846 2571 980 2647 praetori
1007 2571 1197 2647 proposuisse

186 2659 378 2736 coniciamus,
400 2661 436 2718 ut
460 2675 551 2719 eausa
574 2661 695 2738 cognita
717 2660 794 2720 hauc
813 2659 1017 2736 exceptionem
1036 2676 1198 2720 accommo-

186 2750 287 2807 daret:
316 2741 354 2807 ‘si
380 2747 413 2806 in
440 2766 475 2806 ea
502 2768 534 2808 re
561 2749 638 2807 nihil
661 2749 729 2809 dolo
752 2749 832 2809 malo
856 2745 1002 2808 Otaciliae
1025 2744 1197 2810 Laterensis

186 2837 302 2895 factum
325 2837 366 2895 sit
387 2855 485 2913 neque
508 2832 573 2896 fiat'
597 2831 678 2918 (Gai.
698 2841 732 2909 4,
753 2829 853 2918 119)‘?

277 2949 305 3008 2.
338 2950 367 3007 J.
388 2953 417 3026 3,
439 2953 488 3028 29,
510 2954 537 3010 2.
580 2946 639 3010 ‘est
666 2953 787 3028 prodita
809 2953 979 3029 stipulatio,
1007 2972 1084 3030 quae
1106 2954 1197 3032 vulgo

186 3039 362 3116 Aquilliana
389 3039 574 3115 appellatur,
601 3059 655 3117 per
679 3060 770 3118 quam
793 3041 1020 3117 stipulationem
1043 3041 1198 3120 contingit,

187 3131 223 3187 ut
251 3128 381 3188 omnium
410 3146 512 3186 rerum
541 3129 685 3204 obligatio
713 3131 745 3189 in
773 3131 953 3206 stipulatum
979 3131 1146 3190 deducatur
1169 3136 1198 3192 et

187 3235 223 3276 ea
240 3237 294 3294 per
312 3217 571 3292 acceptilationem
589 3219 725 3278 tollatur.
757 3219 914 3296 stipulatio
931 3219 1012 3278 enim
1025 3220 1198 3295 Aquilliana
1287 3291 1288 3300 ,

186 3309 279 3366 novat
303 3323 405 3365 omnes
429 3301 648 3384 obligationes'.
695 3327 771 3385 quae
796 3311 965 3385 sequuntur
987 3329 1015 3370 v.
1037 3309 1126 3371 infra.
