2602 3912
162 128 204 192 52
241 125 289 182 IV.
311 125 456 180 SEPTIMI
472 124 570 180 SAEC.
585 125 680 180 IURIS
696 123 869 180 CONSULT.
886 123 1009 179 SDRIES
1024 122 1170 178 ALTERA

160 294 359 354 Tribonianus
383 313 419 352 ex
444 293 559 352 duobus
583 293 717 352 eiusdem
739 292 863 372 originis
886 291 972 352 libris
996 291 1171 367 compilasse

159 383 280 443 videtur
308 375 392 463 (nam
421 400 497 458 quae
519 382 620 442 verbis
644 376 789 458 ‘alioquin
888 374 1043 458 appetant’
1068 381 1172 440 dicun·

160 476 224 550 tur,
257 471 325 531 aliis
352 471 452 532 verbis
480 464 544 530 ‘nec
570 476 730 531 versantur
837 464 1003 530 bominum'
1031 473 1171 544 repetun-

159 559 237 639 tur),
266 564 369 636 aperte
398 559 496 636 docet,
525 559 697 619 auditorum
724 559 846 619 illorum
873 558 965 619 libros
991 577 1026 618 eo
1050 558 1171 618 oblitte-

160 653 242 710 ratos
271 650 377 726 fuisse,
405 647 485 724 quod
508 647 629 708 Servius
657 647 820 708 utilissima
846 665 981 724 quaeque
1009 666 1045 706 ex
1073 647 1173 706 eisin

161 758 230 799 suos
254 738 460 798 transtulerat.

249 826 325 886 Cum
358 825 510 886 auditores
538 825 631 884 Mucii
662 825 825 884 sententias
857 824 943 883 libris
973 824 1036 884 suis
1064 843 1173 900 propo-

161 916 256 976 suisse
285 915 418 975 conicere
448 914 549 987 liceat,
580 913 677 974 Servii
699 913 799 992 libris,
827 931 952 990 quorum
976 906 1080 990 ‘prope
1104 931 1173 972 cen-

160 1009 226 1064 tum
255 1007 285 1063 11
316 1003 469 1078 octaginta
496 996 640 1078 reliquit’‚
668 1004 704 1061 111
731 1002 813 1062 fonte
836 1001 979 1078 primario
1002 1002 1050 1060 uti
1072 1019 1174 1078 possc-

160 1110 236 1153 mus.
287 1095 319 1151 at
350 1091 399 1150 vel
429 1110 534 1150 eorum
560 1091 706 1150 librorum
733 1109 830 1167 pauca
856 1093 976 1150 tantum
1004 1091 1175 1166 fragmenta

163 1183 285 1242 servata
308 1183 379 1240 sunt
402 1183 432 1238 et
454 1179 487 1238 in
509 1179 556 1238 his
576 1178 656 1239 Calli
680 1180 798 1256 quidem
821 1198 931 1238 nomen
948 1198 1174 1257 nonnunquam,

160 1288 315 1346 nunquam
342 1272 444 1328 autem
466 1268 554 1326 Balbi
577 1267 686 1326 Lucilii
716 1272 770 1328 aut
793 1268 872 1328 Sext.
892 1267 1006 1344 Papirii
1029 1273 1083 1327 aut
1106 1267 1176 1328 Caii

163 1350 273 1439 (Titi?)
301 1357 434 1417 Iuventii
460 1375 570 1416 nomen
596 1359 754 1434 reperitur.
804 1375 899 1434 neque
927 1357 959 1415 in
985 1360 1176 1433 posterorum

162 1448 248 1507 libris
271 1449 378 1506 horum
401 1447 495 1506 trium
514 1465 622 1506 nomen
640 1465 769 1523 usquam
786 1446 947 1506 invenitur.
988 1449 1020 1504 at
1038 1447 1176 1522 fortasse,

162 1555 239 1612 quae
272 1535 354 1612 apud
380 1535 546 1595 Varronem
578 1537 608 1594 et
638 1535 763 1594 Festum
790 1535 931 1594 Muciana
963 1535 1106 1612 legimus,
1139 1554 1176 1594 ex

164 1625 336 1685 auditorum
359 1625 444 1684 libris
467 1624 626 1700 desumpta
644 1627 723 1683 sunt.

251 1713 370 1772 Primus
402 1715 505 1790 itaque
533 1714 600 1772 fons
629 1711 778 1772 Ciceronis
806 1712 919 1796 scripta
945 1715 1029 1789 sunt,
1062 1713 1176 1772 scilicet

164 1803 199 1862 de
227 1803 346 1881 legibus
373 1803 444 1862 libri
471 1794 583 1881 (coepti
608 1795 738 1878 rossel,
761 1800 928 1860 continuati
953 1795 1096 1880 708s46),
1119 1802 1177 1862 To.-

163 1892 230 1968 pica
262 1892 301 1950 ad
333 1892 365 1952 T.
394 1891 569 1950 Trebatium
617 1889 730 1964 scripta
763 1880 903 1970 710s44)
936 1893 967 1948 ct
999 1890 1035 1948 de
1069 1890 1179 1950 officiis·

163 1981 234 2040 libri
261 1980 299 2039 ad
321 1980 457 2038 Marcum
482 1977 580 2036 filium
618 1977 721 2037 eodem
743 1981 878 2053 tempore
900 1971 1082 2058 compositi).
1129 1999 1176 2039 ac·

164 2069 274 2128 cedunt
303 2067 446 2126 Varronis
476 2066 546 2125 libri
575 2066 610 2125 de
640 2066 745 2144 lingua
772 2067 881 2126 Latina
904 2059 1045 2146 (711s43
1078 2062 1176 2149 editi),

163 2157 253 2216 Plinii
281 2155 424 2214 historiae
449 2155 596 2216 naturalis
620 2158 650 2214 et
673 2157 709 2216 A
733 2154 824 2216 Gellii
846 2156 980 2215 noctium
1003 2157 1175 2217 Atticarum

164 2245 246 2322 libri,
271 2244 398 2320 denique
422 2244 505 2302 Festi
481 2243 666 2320 tepitcmc.

254 2332 427 2408 Deinceps
418 2333 493 2392 111111
510 2332 673 2392 consulti''
653 2353 676 2391 11
689 2333 862 2393 recensendi
876 2295 1179 2434 sunt‚qu1Mucium

164 2422 213 2482 vel
244 2421 371 2480 laudant
401 2423 449 2482 vel
481 2421 517 2480 de
550 2441 584 2481 ec
618 2421 809 2498 scripserunt.
859 2421 891 2481 111
920 2422 1025 2498 primis
1055 2422 1178 2483 Servius

165 2512 216 2570 ille
245 2510 396 2586 Sulpicius
423 2511 533 2589 Rufos,
561 2529 580 2569 a
603 2509 743 2571 Cicerone
770 2511 897 2571 fortasse
925 2511 1010 2570 ultra
1035 2512 1178 2571 meritum

165 2601 307 2659 laudatus
343 2601 523 2676 reprehensa
555 2598 714 2660 Scaevolae
746 2602 846 2676 capita
879 2600 1011 2676 scripsit,
1049 2620 1178 2676 quorum

165 2691 336 2766 fragmenta
362 2707 459 2764 pauca
487 2688 567 2765 apud
590 2688 722 2748 Gellium
744 2691 774 2766 4,
795 2691 823 2766 1,
844 2692 893 2749 17.
913 2691 956 2749 20
982 2692 1013 2747 11
1035 2689 1184 2750 11111111,

165 2777 249 2836 niani
280 2777 414 2853 Digestis
447 2781 568 2837 servata
600 2780 679 2836 sunt.
733 2778 826 2836 alium
859 2776 1008 2837 Ciceronis
1040 2778 1178 2854 amicum,

167 2865 343 2932 Trebatium
375 2866 507 2944 Testem,
543 2869 574 2923 in
606 2866 772 2925 nonnullis·
791 2866 952 2925 Iustiniani
983 2865 1180 2942 Digestorum

166 2954 239 3012 locis
257 2953 391 3013 Mucium
414 2973 508 3030 acque
531 2955 708 3029 impugnare
731 2955 874 3014 videmus.
917 2973 953 3013 ex
975 2955 1072 3014 altera
1092 2960 1179 3032 parte

166 3061 226 3100 non
261 3043 349 3100 modo
383 3041 413 3102 C.
441 3043 583 3118 Aquilius
616 3041 734 3119 Gallus,
771 3043 863 3102 Mucii
894 3043 1026 3119 auditor,
1063 3045 1116 3104 sed
1148 3049 1179 3105 11

167 3130 276 3190 Aulus.
290 3129 410 3208 Ofilius,
438 3130 573 3190 Caesaris
602 3131 728 3210 amicus,
757 3131 789 3201 Q.
812 3131 947 3192 Mucium
975 3135 1096 3192 secutus
1124 3138 1178 3194 111.

256 3219 424 3281 Antistium
456 3219 624 3280 Labeonem
656 3223 688 3280 at
719 3220 887 3280 Masurium
916 3221 1060 3281 Sabinum
1087 3223 1184 3283 Mucii

169 3312 384 3368 sententiarum
403 3309 562 3368 maximam
579 3309 728 3369 rationem
746 3309 886 3370 babuisse
903 3311 1053 3388 ridemus;
1075 3315 1184 3371 contra.

168 3398 200 3456 in
223 3397 318 3465 Cassii
341 3398 469 3477 Longini
496 3402 527 3458 et
550 3398 585 3460 ,in
608 3397 729 3460 Proculi
757 3399 934 3479 fragmentis
957 3399 1049 3460 Mucii
1071 3420 1179 3460 nomen

168 3506 315 3574 nusquam
339 3487 458 3567 legitur.
