<?xml version="1.0" encoding="UTF-8"?>
<!DOCTYPE html PUBLIC "-//W3C//DTD XHTML 1.0 Transitional//EN"
    "http://www.w3.org/TR/xhtml1/DTD/xhtml1-transitional.dtd">
<html xmlns="http://www.w3.org/1999/xhtml" xml:lang="en" lang="en">
 <head>
  <title>
</title>
<meta http-equiv="Content-Type" content="text/html;charset=utf-8" />
  <meta name='ocr-system' content='tesseract 3.04.00' />
  <meta name='ocr-capabilities' content='ocr_page ocr_carea ocr_par ocr_line ocrx_word'/>
</head>
<body>
  <div class='ocr_page' id='page_1' title='image "./iurisprudentiae05bremgoog_0305.png"; bbox 0 0 2598 3910; ppageno 0'>
   <div class='ocr_carea' id='block_1_1' title="bbox 417 122 1220 210">
    <p class='ocr_par' dir='ltr' id='par_1_1' title="bbox 417 122 1220 210">
     <span class='ocr_line' id='line_1_1' title="bbox 417 122 1220 210; baseline 0.02 -12"><span class='ocrx_word' id='word_1_1' title='bbox 417 151 439 198; x_wconf 89' lang='lat'><strong>1.</strong></span> <span class='ocrx_word' id='word_1_2' title='bbox 463 143 491 199; x_wconf 85' lang='lat' dir='ltr'><strong>P</strong></span> <span class='ocrx_word' id='word_1_3' title='bbox 507 142 671 198; x_wconf 78' lang='grc'>8888888</span> <span class='ocrx_word' id='word_1_4' title='bbox 689 142 811 199; x_wconf 71' lang='lat' dir='ltr'><strong>vesus</strong></span> <span class='ocrx_word' id='word_1_5' title='bbox 1004 141 1006 146; x_wconf 78' lang='grc'><strong>“</strong></span> <span class='ocrx_word' id='word_1_6' title='bbox 1049 146 1117 210; x_wconf 76' lang='lat'>295</span> <span class='ocrx_word' id='word_1_7' title='bbox 1217 122 1220 128; x_wconf 68' lang='grc'><strong>’</strong></span> 
     </span>
    </p>
   </div>
   <div class='ocr_carea' id='block_1_2' title="bbox 495 313 740 382">
    <p class='ocr_par' dir='ltr' id='par_1_2' title="bbox 495 313 740 382">
     <span class='ocr_line' id='line_1_2' title="bbox 495 313 740 382; baseline -0.004 -15"><span class='ocrx_word' id='word_1_8' title='bbox 495 313 539 367; x_wconf 80' lang='lat' dir='ltr'>De</span> <span class='ocrx_word' id='word_1_9' title='bbox 556 313 624 368; x_wconf 83' lang='grc'>88718</span> <span class='ocrx_word' id='word_1_10' title='bbox 643 313 740 382; x_wconf 69' lang='lat' dir='ltr'><strong>leuato.</strong></span> 
     </span>
    </p>
   </div>
   <div class='ocr_carea' id='block_1_3' title="bbox 111 365 1229 678">
    <p class='ocr_par' dir='ltr' id='par_1_3' title="bbox 111 365 1229 678">
     <span class='ocr_line' id='line_1_3' title="bbox 201 365 1229 498; baseline -0.001 -18"><span class='ocrx_word' id='word_1_11' title='bbox 201 417 230 480; x_wconf 90' lang='lat'>9.</span> <span class='ocrx_word' id='word_1_12' title='bbox 253 413 360 491; x_wconf 87' lang='lat' dir='ltr'>D.,33</span> <span class='ocrx_word' id='word_1_13' title='bbox 376 413 405 496; x_wconf 98' lang='grc'>7,</span> <span class='ocrx_word' id='word_1_14' title='bbox 421 412 471 478; x_wconf 89' lang='grc'>16.</span> <span class='ocrx_word' id='word_1_15' title='bbox 498 411 634 477; x_wconf 84' lang='lat' dir='ltr'><strong>Alienus</strong></span> <span class='ocrx_word' id='word_1_16' title='bbox 653 411 736 477; x_wconf 93' lang='lat' dir='ltr'><strong>libro</strong></span> <span class='ocrx_word' id='word_1_17' title='bbox 755 412 893 476; x_wconf 88' lang='lat' dir='ltr'><strong>seeundo</strong></span> <span class='ocrx_word' id='word_1_18' title='bbox 908 365 1117 498; x_wconf 86' lang='lat' dir='ltr'><strong>Digestorum</strong></span> <span class='ocrx_word' id='word_1_19' title='bbox 1220 373 1229 390; x_wconf 84' lang='lat'><strong>.</strong></span> 
     </span>
     <span class='ocr_line' id='line_1_4' title="bbox 111 497 1117 604; baseline 0 -36"><span class='ocrx_word' id='word_1_20' title='bbox 111 526 132 568; x_wconf 88' lang='grc'>8</span> <span class='ocrx_word' id='word_1_21' title='bbox 153 503 255 568; x_wconf 89' lang='grc' dir='ltr'>Ρ8810</span> <span class='ocrx_word' id='word_1_22' title='bbox 279 503 436 586; x_wconf 85' lang='lat' dir='ltr'><strong>epitomet</strong></span> <span class='ocrx_word' id='word_1_23' title='bbox 437 522 528 566; x_wconf 90' lang='lat' dir='ltr'><strong>orum</strong></span> <span class='ocrx_word' id='word_1_24' title='bbox 552 499 599 587; x_wconf 82' lang='lat' dir='ltr'>(P.</span> <span class='ocrx_word' id='word_1_25' title='bbox 614 497 729 604; x_wconf 83' lang='grc'>4488.)</span> <span class='ocrx_word' id='word_1_26' title='bbox 771 499 880 566; x_wconf 76' lang='lat' dir='ltr'><strong>Villae</strong></span> <span class='ocrx_word' id='word_1_27' title='bbox 902 501 1117 569; x_wconf 87' lang='lat' dir='ltr'><strong>instrumento</strong></span> 
     </span>
     <span class='ocr_line' id='line_1_5' title="bbox 111 588 1045 678; baseline -0.002 -22"><span class='ocrx_word' id='word_1_28' title='bbox 111 593 221 678; x_wconf 85' lang='lat' dir='ltr'><strong>legato</strong></span> <span class='ocrx_word' id='word_1_29' title='bbox 246 591 402 675; x_wconf 89' lang='lat' dir='ltr'><strong>supellect</strong></span> <span class='ocrx_word' id='word_1_30' title='bbox 388 591 477 654; x_wconf 89' lang='lat' dir='ltr'><strong>tilem</strong></span> <span class='ocrx_word' id='word_1_31' title='bbox 500 611 567 654; x_wconf 92' lang='lat' dir='ltr'>non</span> <span class='ocrx_word' id='word_1_32' title='bbox 589 588 749 655; x_wconf 82' lang='lat' dir='ltr'><strong>contineri</strong></span> <span class='ocrx_word' id='word_1_33' title='bbox 771 589 877 654; x_wconf 82' lang='lat' dir='ltr'><strong>verius</strong></span> <span class='ocrx_word' id='word_1_34' title='bbox 901 594 958 655; x_wconf 89' lang='lat' dir='ltr'><strong>est.</strong></span> <span class='ocrx_word' id='word_1_35' title='bbox 1042 621 1045 628; x_wconf 95' lang='lat'><em>·</em></span> 
     </span>
    </p>
   </div>
   <div class='ocr_carea' id='block_1_4' title="bbox 200 701 706 778">
    <p class='ocr_par' dir='ltr' id='par_1_4' title="bbox 200 701 706 778">
     <span class='ocr_line' id='line_1_6' title="bbox 200 701 706 778; baseline -0.008 -16"><span class='ocrx_word' id='word_1_36' title='bbox 200 705 237 762; x_wconf 85' lang='grc'>07.</span> <span class='ocrx_word' id='word_1_37' title='bbox 261 701 357 762; x_wconf 83' lang='grc'>888877</span> <span class='ocrx_word' id='word_1_38' title='bbox 378 717 519 778; x_wconf 82' lang='grc'>88880888</span> <span class='ocrx_word' id='word_1_39' title='bbox 543 701 628 761; x_wconf 80' lang='grc'>24,</span> <span class='ocrx_word' id='word_1_40' title='bbox 702 704 706 710; x_wconf 94' lang='grc'><strong>’</strong></span> 
     </span>
    </p>
   </div>
   <div class='ocr_carea' id='block_1_5' title="bbox 485 836 814 931">
    <p class='ocr_par' dir='ltr' id='par_1_5' title="bbox 485 836 814 931">
     <span class='ocr_line' id='line_1_7' title="bbox 485 836 814 931; baseline 0.003 -16"><span class='ocrx_word' id='word_1_41' title='bbox 485 836 814 931; x_wconf 73' lang='grc' dir='ltr'>11887888788878,Ι</span> 
     </span>
    </p>
   </div>
   <div class='ocr_carea' id='block_1_6' title="bbox 203 961 1120 1048">
    <p class='ocr_par' dir='ltr' id='par_1_6' title="bbox 203 961 1120 1048">
     <span class='ocr_line' id='line_1_8' title="bbox 203 961 1120 1048; baseline 0 -20"><span class='ocrx_word' id='word_1_42' title='bbox 203 963 253 1028; x_wconf 89' lang='grc'>10.</span> <span class='ocrx_word' id='word_1_43' title='bbox 284 961 324 1026; x_wconf 98' lang='lat' dir='ltr'><strong>D</strong></span> <span class='ocrx_word' id='word_1_44' title='bbox 338 963 391 1044; x_wconf 84' lang='lat'>33</span> <span class='ocrx_word' id='word_1_45' title='bbox 407 962 435 1045; x_wconf 94' lang='grc'>7,</span> <span class='ocrx_word' id='word_1_46' title='bbox 452 961 501 1043; x_wconf 90' lang='grc'>16,</span> <span class='ocrx_word' id='word_1_47' title='bbox 519 963 547 1026; x_wconf 94' lang='grc'>1.</span> <span class='ocrx_word' id='word_1_48' title='bbox 591 961 727 1026; x_wconf 85' lang='lat' dir='ltr'><strong>Alfenus</strong></span> <span class='ocrx_word' id='word_1_49' title='bbox 752 961 837 1028; x_wconf 91' lang='lat' dir='ltr'><strong>libro</strong></span> <span class='ocrx_word' id='word_1_50' title='bbox 861 962 999 1028; x_wconf 86' lang='lat' dir='ltr'><strong>secundo</strong></span> <span class='ocrx_word' id='word_1_51' title='bbox 1022 962 1120 1048; x_wconf 88' lang='lat' dir='ltr'><strong>Dige-</strong></span> 
     </span>
    </p>
   </div>
   <div class='ocr_carea' id='block_1_7' title="bbox 110 1010 1119 1472">
    <p class='ocr_par' dir='ltr' id='par_1_7' title="bbox 110 1010 1119 1472">
     <span class='ocr_line' id='line_1_9' title="bbox 111 1010 1119 1138; baseline 0 -22"><span class='ocrx_word' id='word_1_52' title='bbox 111 1055 238 1117; x_wconf 83' lang='lat' dir='ltr'><strong>storum</strong></span> <span class='ocrx_word' id='word_1_53' title='bbox 266 1073 286 1116; x_wconf 98' lang='grc'>8</span> <span class='ocrx_word' id='word_1_54' title='bbox 313 1010 435 1116; x_wconf 78' lang='lat' dir='ltr'><strong>Penio</strong></span> <span class='ocrx_word' id='word_1_55' title='bbox 444 1050 600 1133; x_wconf 77' lang='grc'>88770887</span> <span class='ocrx_word' id='word_1_56' title='bbox 602 1071 693 1115; x_wconf 91' lang='lat' dir='ltr'><strong>orum</strong></span> <span class='ocrx_word' id='word_1_57' title='bbox 720 1047 770 1137; x_wconf 89' lang='grc' dir='ltr'>(Ρ</span> <span class='ocrx_word' id='word_1_58' title='bbox 789 1051 833 1116; x_wconf 88' lang='grc'>44</span> <span class='ocrx_word' id='word_1_59' title='bbox 838 1048 906 1138; x_wconf 86' lang='grc'>,1).</span> <span class='ocrx_word' id='word_1_60' title='bbox 954 1051 1119 1118; x_wconf 82' lang='lat' dir='ltr'><strong>Vincet</strong></span> <span class='ocrx_word' id='word_1_61' title='bbox 1086 1058 1119 1118; x_wconf 92' lang='lat' dir='ltr'><strong>et</strong></span> 
     </span>
     <span class='ocr_line' id='line_1_10' title="bbox 112 1139 1119 1222; baseline 0 -18"><span class='ocrx_word' id='word_1_62' title='bbox 112 1140 328 1205; x_wconf 82' lang='lat' dir='ltr'><strong>instrumento</strong></span> <span class='ocrx_word' id='word_1_63' title='bbox 365 1139 434 1204; x_wconf 90' lang='lat' dir='ltr'><strong>eius</strong></span> <span class='ocrx_word' id='word_1_64' title='bbox 471 1139 580 1222; x_wconf 83' lang='lat' dir='ltr'><strong>legato</strong></span> <span class='ocrx_word' id='word_1_65' title='bbox 613 1139 860 1204; x_wconf 85' lang='lat' dir='ltr'><strong>instrumentum</strong></span> <span class='ocrx_word' id='word_1_66' title='bbox 893 1140 1005 1205; x_wconf 84' lang='lat' dir='ltr'><strong>vincae</strong></span> <span class='ocrx_word' id='word_1_67' title='bbox 1037 1141 1119 1206; x_wconf 89' lang='lat' dir='ltr'>nihil</span> 
     </span>
     <span class='ocr_line' id='line_1_11' title="bbox 112 1225 1118 1313; baseline 0.003 -21"><span class='ocrx_word' id='word_1_68' title='bbox 112 1250 183 1293; x_wconf 90' lang='grc'>8888</span> <span class='ocrx_word' id='word_1_69' title='bbox 197 1226 326 1294; x_wconf 85' lang='grc'>8888788</span> <span class='ocrx_word' id='word_1_70' title='bbox 345 1225 521 1310; x_wconf 78' lang='lat' dir='ltr'><strong>respondit.</strong></span> <span class='ocrx_word' id='word_1_71' title='bbox 557 1226 611 1312; x_wconf 91' lang='grc'>087</span> <span class='ocrx_word' id='word_1_72' title='bbox 630 1249 703 1292; x_wconf 91' lang='lat' dir='ltr'><strong>eum</strong></span> <span class='ocrx_word' id='word_1_73' title='bbox 717 1229 914 1313; x_wconf 74' lang='lat' dir='ltr'><strong>consulebat,</strong></span> <span class='ocrx_word' id='word_1_74' title='bbox 933 1227 1118 1296; x_wconf 76' lang='lat' dir='ltr'><strong>Cornelium</strong></span> 
     </span>
     <span class='ocr_line' id='line_1_12' title="bbox 110 1316 1119 1402; baseline 0.002 -20"><span class='ocrx_word' id='word_1_75' title='bbox 110 1317 315 1401; x_wconf 87' lang='lat' dir='ltr'><strong>respondisse</strong></span> <span class='ocrx_word' id='word_1_76' title='bbox 343 1316 450 1381; x_wconf 77' lang='lat' dir='ltr'><strong>aiebat</strong></span> <span class='ocrx_word' id='word_1_77' title='bbox 476 1316 569 1399; x_wconf 84' lang='lat' dir='ltr'><strong>pulos</strong></span> <span class='ocrx_word' id='word_1_78' title='bbox 597 1317 737 1399; x_wconf 90' lang='grc'>88877088</span> <span class='ocrx_word' id='word_1_79' title='bbox 764 1320 886 1383; x_wconf 85' lang='grc'>8887808</span> <span class='ocrx_word' id='word_1_80' title='bbox 914 1317 1041 1402; x_wconf 82' lang='lat' dir='ltr'><strong>ligones</strong></span> <span class='ocrx_word' id='word_1_81' title='bbox 1069 1321 1119 1384; x_wconf 89' lang='lat' dir='ltr'>in-</span> 
     </span>
     <span class='ocr_line' id='line_1_13' title="bbox 111 1405 522 1472; baseline 0 -2"><span class='ocrx_word' id='word_1_82' title='bbox 111 1405 285 1472; x_wconf 88' lang='lat' dir='ltr'><strong>strumenti</strong></span> <span class='ocrx_word' id='word_1_83' title='bbox 306 1405 419 1470; x_wconf 86' lang='lat' dir='ltr'><strong>vineae</strong></span> <span class='ocrx_word' id='word_1_84' title='bbox 443 1426 522 1470; x_wconf 89' lang='lat' dir='ltr'><strong>esse.</strong></span> 
     </span>
    </p>
   </div>
   <div class='ocr_carea' id='block_1_8' title="bbox 201 1515 596 1593">
    <p class='ocr_par' dir='ltr' id='par_1_8' title="bbox 201 1515 596 1593">
     <span class='ocr_line' id='line_1_14' title="bbox 201 1515 596 1593; baseline -0.008 -16"><span class='ocrx_word' id='word_1_85' title='bbox 201 1518 237 1577; x_wconf 87' lang='grc'>07</span> <span class='ocrx_word' id='word_1_86' title='bbox 263 1515 358 1577; x_wconf 82' lang='grc'>888877</span> <span class='ocrx_word' id='word_1_87' title='bbox 379 1533 522 1593; x_wconf 84' lang='grc'>88880888</span> <span class='ocrx_word' id='word_1_88' title='bbox 545 1517 596 1576; x_wconf 79' lang='grc'>25.</span> 
     </span>
    </p>
   </div>
   <div class='ocr_carea' id='block_1_9' title="bbox 482 1671 743 1746">
    <p class='ocr_par' dir='ltr' id='par_1_9' title="bbox 482 1671 743 1746">
     <span class='ocr_line' id='line_1_15' title="bbox 482 1671 743 1746; baseline -0.011 -15"><span class='ocrx_word' id='word_1_89' title='bbox 482 1671 541 1731; x_wconf 87' lang='lat' dir='ltr'>De</span> <span class='ocrx_word' id='word_1_90' title='bbox 540 1693 616 1746; x_wconf 82' lang='grc'>88888</span> <span class='ocrx_word' id='word_1_91' title='bbox 633 1674 743 1744; x_wconf 67' lang='lat' dir='ltr'><strong>leuato?</strong></span> 
     </span>
    </p>
   </div>
   <div class='ocr_carea' id='block_1_10' title="bbox 111 1775 1146 1932">
    <p class='ocr_par' dir='ltr' id='par_1_10' title="bbox 111 1775 1146 1932">
     <span class='ocr_line' id='line_1_16' title="bbox 200 1775 1146 1904; baseline 0.002 -61"><span class='ocrx_word' id='word_1_92' title='bbox 200 1784 237 1842; x_wconf 92' lang='lat' dir='ltr'>D.</span> <span class='ocrx_word' id='word_1_93' title='bbox 253 1785 303 1861; x_wconf 83' lang='lat'>50,</span> <span class='ocrx_word' id='word_1_94' title='bbox 320 1786 370 1861; x_wconf 89' lang='grc'>16,</span> <span class='ocrx_word' id='word_1_95' title='bbox 385 1785 434 1842; x_wconf 89' lang='grc'>87,</span> <span class='ocrx_word' id='word_1_96' title='bbox 466 1782 625 1842; x_wconf 79' lang='lat' dir='ltr'><strong>Marcellus</strong></span> <span class='ocrx_word' id='word_1_97' title='bbox 648 1781 726 1904; x_wconf 88' lang='lat' dir='ltr'><strong>libro</strong></span> <span class='ocrx_word' id='word_1_98' title='bbox 745 1780 859 1841; x_wconf 84' lang='lat' dir='ltr'><strong>decimo</strong></span> <span class='ocrx_word' id='word_1_99' title='bbox 877 1775 1008 1866; x_wconf 80' lang='lat' dir='ltr'><strong>tertio(‘?)</strong></span> <span class='ocrx_word' id='word_1_100' title='bbox 1027 1785 1118 1864; x_wconf 89' lang='lat' dir='ltr'><strong>Dige·</strong></span> <span class='ocrx_word' id='word_1_101' title='bbox 1145 1849 1146 1853; x_wconf 56' lang='grc'><strong>,</strong></span> 
     </span>
     <span class='ocr_line' id='line_1_17' title="bbox 111 1875 235 1932; baseline 0 0"><span class='ocrx_word' id='word_1_102' title='bbox 111 1875 235 1932; x_wconf 87' lang='lat' dir='ltr'><strong>storum</strong></span> 
     </span>
    </p>
   </div>
   <div class='ocr_carea' id='block_1_11' title="bbox 200 1976 672 2056">
    <p class='ocr_par' dir='ltr' id='par_1_11' title="bbox 200 1976 672 2056">
     <span class='ocr_line' id='line_1_18' title="bbox 200 1976 672 2056; baseline -0.004 -18"><span class='ocrx_word' id='word_1_103' title='bbox 200 1978 237 2038; x_wconf 89' lang='grc'>07.</span> <span class='ocrx_word' id='word_1_104' title='bbox 261 1997 337 2056; x_wconf 89' lang='grc'>0888</span> <span class='ocrx_word' id='word_1_105' title='bbox 361 1977 399 2037; x_wconf 79' lang='lat' dir='ltr'>ad</span> <span class='ocrx_word' id='word_1_106' title='bbox 421 1979 458 2038; x_wconf 91' lang='grc'>78</span> <span class='ocrx_word' id='word_1_107' title='bbox 478 1980 497 2037; x_wconf 87' lang='grc'>4</span> <span class='ocrx_word' id='word_1_108' title='bbox 522 1976 672 2037; x_wconf 77' lang='lat' dir='ltr'><strong>adnotavi</strong></span> 
     </span>
    </p>
   </div>
   <div class='ocr_carea' id='block_1_12' title="bbox 203 2135 1117 2324">
    <p class='ocr_par' dir='ltr' id='par_1_12' title="bbox 203 2135 1117 2324">
     <span class='ocr_line' id='line_1_19' title="bbox 455 2135 777 2207; baseline -0.003 -15"><span class='ocrx_word' id='word_1_109' title='bbox 455 2138 499 2192; x_wconf 83' lang='lat' dir='ltr'>De</span> <span class='ocrx_word' id='word_1_110' title='bbox 517 2138 652 2203; x_wconf 72' lang='lat' dir='ltr'><strong>frumento</strong></span> <span class='ocrx_word' id='word_1_111' title='bbox 670 2135 777 2207; x_wconf 72' lang='lat' dir='ltr'><strong>legato?</strong></span> 
     </span>
     <span class='ocr_line' id='line_1_20' title="bbox 203 2233 1117 2324; baseline 0.003 -21"><span class='ocrx_word' id='word_1_112' title='bbox 203 2239 252 2303; x_wconf 92' lang='grc'>11.</span> <span class='ocrx_word' id='word_1_113' title='bbox 283 2237 321 2304; x_wconf 90' lang='lat' dir='ltr'>D.</span> <span class='ocrx_word' id='word_1_114' title='bbox 338 2237 395 2322; x_wconf 83' lang='lat'>50,</span> <span class='ocrx_word' id='word_1_115' title='bbox 412 2237 461 2314; x_wconf 91' lang='grc'>16,</span> <span class='ocrx_word' id='word_1_116' title='bbox 476 2239 495 2302; x_wconf 94' lang='grc'>7</span> <span class='ocrx_word' id='word_1_117' title='bbox 501 2245 528 2302; x_wconf 83' lang='grc'>7.</span> <span class='ocrx_word' id='word_1_118' title='bbox 573 2235 663 2302; x_wconf 88' lang='lat' dir='ltr'><strong>Idem</strong></span> <span class='ocrx_word' id='word_1_119' title='bbox 686 2233 836 2324; x_wconf 81' lang='lat' dir='ltr'><strong>(Paulus)</strong></span> <span class='ocrx_word' id='word_1_120' title='bbox 859 2237 942 2304; x_wconf 88' lang='lat' dir='ltr'><strong>libro</strong></span> <span class='ocrx_word' id='word_1_121' title='bbox 966 2241 1117 2323; x_wconf 82' lang='grc'>0878088-</span> 
     </span>
    </p>
   </div>
   <div class='ocr_carea' id='block_1_13' title="bbox 9 2319 1119 2412">
    <p class='ocr_par' dir='ltr' id='par_1_13' title="bbox 9 2319 1119 2412">
     <span class='ocr_line' id='line_1_21' title="bbox 9 2319 1119 2412; baseline 0.004 -21"><span class='ocrx_word' id='word_1_122' title='bbox 9 2319 10 2322; x_wconf 43' lang='lat'>&#39;</span> <span class='ocrx_word' id='word_1_123' title='bbox 111 2327 235 2412; x_wconf 84' lang='lat' dir='ltr'><strong>gesimo</strong></span> <span class='ocrx_word' id='word_1_124' title='bbox 259 2348 344 2393; x_wconf 90' lang='lat' dir='ltr'><strong>nono</strong></span> <span class='ocrx_word' id='word_1_125' title='bbox 368 2327 408 2390; x_wconf 83' lang='lat' dir='ltr'>sd</span> <span class='ocrx_word' id='word_1_126' title='bbox 431 2325 569 2391; x_wconf 86' lang='lat' dir='ltr'><strong>edictum</strong></span> <span class='ocrx_word' id='word_1_127' title='bbox 586 2323 635 2412; x_wconf 91' lang='lat' dir='ltr'>(P.</span> <span class='ocrx_word' id='word_1_128' title='bbox 649 2325 738 2411; x_wconf 87' lang='grc'>715).</span> <span class='ocrx_word' id='word_1_129' title='bbox 765 2326 917 2392; x_wconf 79' lang='lat' dir='ltr'><strong>Fructum</strong></span> <span class='ocrx_word' id='word_1_130' title='bbox 935 2351 993 2411; x_wconf 92' lang='lat' dir='ltr'>pro</span> <span class='ocrx_word' id='word_1_131' title='bbox 1012 2330 1119 2396; x_wconf 87' lang='lat' dir='ltr'><strong>reditu</strong></span> 
     </span>
    </p>
   </div>
   <div class='ocr_carea' id='block_1_14' title="bbox 111 2413 1119 2768">
    <p class='ocr_par' dir='ltr' id='par_1_14' title="bbox 111 2413 1118 2768">
     <span class='ocr_line' id='line_1_22' title="bbox 112 2413 1118 2500; baseline 0.003 -19"><span class='ocrx_word' id='word_1_132' title='bbox 112 2415 315 2500; x_wconf 80' lang='lat' dir='ltr'><strong>appellari..</strong></span> <span class='ocrx_word' id='word_1_133' title='bbox 331 2414 502 2480; x_wconf 86' lang='grc'>,78178888</span> <span class='ocrx_word' id='word_1_134' title='bbox 521 2414 642 2478; x_wconf 81' lang='lat' dir='ltr'><strong>scribit.</strong></span> <span class='ocrx_word' id='word_1_135' title='bbox 620 2413 788 2499; x_wconf 84' lang='lat' dir='ltr'><strong>tfruges</strong></span> <span class='ocrx_word' id='word_1_136' title='bbox 807 2437 919 2480; x_wconf 88' lang='lat' dir='ltr'><strong>omnes</strong></span> <span class='ocrx_word' id='word_1_137' title='bbox 933 2417 1028 2500; x_wconf 87' lang='lat' dir='ltr'><strong>&lt;res&gt;</strong></span> <span class='ocrx_word' id='word_1_138' title='bbox 1048 2441 1118 2484; x_wconf 89' lang='grc'>8888</span> 
     </span>
     <span class='ocr_line' id='line_1_23' title="bbox 113 2502 1117 2588; baseline 0.002 -19"><span class='ocrx_word' id='word_1_139' title='bbox 113 2506 231 2588; x_wconf 90' lang='lat' dir='ltr'><strong>quibus</strong></span> <span class='ocrx_word' id='word_1_140' title='bbox 245 2505 343 2568; x_wconf 90' lang='lat' dir='ltr'><strong>homo</strong></span> <span class='ocrx_word' id='word_1_141' title='bbox 363 2507 519 2588; x_wconf 82' lang='lat' dir='ltr'><strong>vescetur,</strong></span> <span class='ocrx_word' id='word_1_142' title='bbox 536 2502 654 2566; x_wconf 80' lang='lat' dir='ltr'><strong>falsum</strong></span> <span class='ocrx_word' id='word_1_143' title='bbox 668 2522 760 2566; x_wconf 90' lang='lat' dir='ltr'><strong>esse.</strong></span> <span class='ocrx_word' id='word_1_144' title='bbox 775 2502 940 2568; x_wconf 88' lang='lat' dir='ltr'><strong>.frument</strong></span> <span class='ocrx_word' id='word_1_145' title='bbox 926 2508 995 2569; x_wconf 91' lang='lat' dir='ltr'>tum</span> <span class='ocrx_word' id='word_1_146' title='bbox 1010 2511 1117 2571; x_wconf 83' lang='lat' dir='ltr'><strong>eutem</strong></span> 
     </span>
     <span class='ocr_line' id='line_1_24' title="bbox 111 2589 1119 2679; baseline 0.002 -21"><span class='ocrx_word' id='word_1_147' title='bbox 111 2594 144 2658; x_wconf 93' lang='lat' dir='ltr'>id</span> <span class='ocrx_word' id='word_1_148' title='bbox 168 2614 240 2658; x_wconf 89' lang='grc'>8888</span> <span class='ocrx_word' id='word_1_149' title='bbox 264 2593 348 2676; x_wconf 89' lang='lat' dir='ltr'><strong>quod</strong></span> <span class='ocrx_word' id='word_1_150' title='bbox 372 2591 472 2656; x_wconf 90' lang='grc'>887878</span> <span class='ocrx_word' id='word_1_151' title='bbox 493 2613 527 2655; x_wconf 91' lang='grc'>88</span> <span class='ocrx_word' id='word_1_152' title='bbox 545 2593 662 2673; x_wconf 80' lang='lat' dir='ltr'><strong>teneat,</strong></span> <span class='ocrx_word' id='word_1_153' title='bbox 685 2594 772 2654; x_wconf 90' lang='grc'>88078</span> <span class='ocrx_word' id='word_1_154' title='bbox 792 2589 923 2656; x_wconf 82' lang='lat' dir='ltr'><strong>Gallum</strong></span> <span class='ocrx_word' id='word_1_155' title='bbox 948 2593 1119 2679; x_wconf 88' lang='lat' dir='ltr'><strong>definiisse,</strong></span> 
     </span>
     <span class='ocr_line' id='line_1_25' title="bbox 111 2678 1118 2768; baseline 0.003 -22"><span class='ocrx_word' id='word_1_156' title='bbox 111 2682 259 2766; x_wconf 91' lang='lat' dir='ltr'><strong>lupinum</strong></span> <span class='ocrx_word' id='word_1_157' title='bbox 293 2702 368 2746; x_wconf 89' lang='lat' dir='ltr'><strong>vero</strong></span> <span class='ocrx_word' id='word_1_158' title='bbox 399 2684 431 2745; x_wconf 89' lang='grc'>87</span> <span class='ocrx_word' id='word_1_159' title='bbox 417 2680 567 2744; x_wconf 81' lang='grc'>7787888</span> <span class='ocrx_word' id='word_1_160' title='bbox 594 2678 702 2762; x_wconf 90' lang='lat' dir='ltr'><strong>fruges</strong></span> <span class='ocrx_word' id='word_1_161' title='bbox 730 2679 838 2764; x_wconf 86' lang='lat' dir='ltr'><strong>potius</strong></span> <span class='ocrx_word' id='word_1_162' title='bbox 866 2680 985 2747; x_wconf 89' lang='lat' dir='ltr'><strong>dici..</strong></span> <span class='ocrx_word' id='word_1_163' title='bbox 1005 2705 1118 2768; x_wconf 88' lang='grc'>,0888</span> 
     </span>
    </p>
   </div>
   <div class='ocr_carea' id='block_1_15' title="bbox 9 2766 1073 2861">
    <p class='ocr_par' dir='ltr' id='par_1_15' title="bbox 9 2766 1073 2861">
     <span class='ocr_line' id='line_1_26' title="bbox 9 2766 1073 2861; baseline 0.001 -26"><span class='ocrx_word' id='word_1_164' title='bbox 9 2799 10 2802; x_wconf 47' lang='grc'><strong>“</strong></span> <span class='ocrx_word' id='word_1_165' title='bbox 112 2768 243 2838; x_wconf 81' lang='lat' dir='ltr'><strong>Servius</strong></span> <span class='ocrx_word' id='word_1_166' title='bbox 267 2770 352 2852; x_wconf 82' lang='lat' dir='ltr'><strong>apud</strong></span> <span class='ocrx_word' id='word_1_167' title='bbox 374 2768 558 2833; x_wconf 85' lang='lat' dir='ltr'><strong>Alfenum</strong></span> <span class='ocrx_word' id='word_1_168' title='bbox 548 2790 582 2831; x_wconf 88' lang='lat' dir='ltr'>rn</span> <span class='ocrx_word' id='word_1_169' title='bbox 604 2766 767 2861; x_wconf 78' lang='lat' dir='ltr'><strong>frumento</strong></span> <span class='ocrx_word' id='word_1_170' title='bbox 791 2768 947 2834; x_wconf 86' lang='lat' dir='ltr'><strong>contineri</strong></span> <span class='ocrx_word' id='word_1_171' title='bbox 970 2775 1073 2856; x_wconf 81' lang='lat' dir='ltr'><strong>putat.</strong></span> 
     </span>
    </p>
   </div>
   <div class='ocr_carea' id='block_1_16' title="bbox 200 2879 596 2957">
    <p class='ocr_par' dir='ltr' id='par_1_16' title="bbox 200 2879 596 2957">
     <span class='ocr_line' id='line_1_27' title="bbox 200 2879 596 2957; baseline 0 -18"><span class='ocrx_word' id='word_1_172' title='bbox 200 2879 358 2940; x_wconf 60' lang='grc'>07888877</span> <span class='ocrx_word' id='word_1_173' title='bbox 380 2899 523 2957; x_wconf 79' lang='lat' dir='ltr'><strong>responso</strong></span> <span class='ocrx_word' id='word_1_174' title='bbox 547 2882 596 2939; x_wconf 80' lang='lat'><strong>21.</strong></span> 
     </span>
    </p>
   </div>
   <div class='ocr_carea' id='block_1_17' title="bbox 447 3040 783 3110">
    <p class='ocr_par' dir='ltr' id='par_1_17' title="bbox 447 3040 783 3110">
     <span class='ocr_line' id='line_1_28' title="bbox 447 3040 783 3110; baseline 0 -16"><span class='ocrx_word' id='word_1_175' title='bbox 447 3040 491 3095; x_wconf 83' lang='lat' dir='ltr'>Dc</span> <span class='ocrx_word' id='word_1_176' title='bbox 508 3041 669 3110; x_wconf 77' lang='lat' dir='ltr'><strong>supellectili</strong></span> <span class='ocrx_word' id='word_1_177' title='bbox 687 3041 783 3109; x_wconf 78' lang='grc'>788878,</span> 
     </span>
    </p>
   </div>
   <div class='ocr_carea' id='block_1_18' title="bbox 64 3139 1119 3581">
    <p class='ocr_par' dir='ltr' id='par_1_18' title="bbox 64 3139 1119 3581">
     <span class='ocr_line' id='line_1_29' title="bbox 203 3139 1117 3226; baseline 0.002 -21"><span class='ocrx_word' id='word_1_178' title='bbox 203 3141 253 3206; x_wconf 80' lang='grc'>12,</span> <span class='ocrx_word' id='word_1_179' title='bbox 280 3139 319 3206; x_wconf 93' lang='lat' dir='ltr'>D.</span> <span class='ocrx_word' id='word_1_180' title='bbox 334 3142 387 3225; x_wconf 87' lang='lat'>33,</span> <span class='ocrx_word' id='word_1_181' title='bbox 403 3141 453 3224; x_wconf 90' lang='lat'>10,</span> <span class='ocrx_word' id='word_1_182' title='bbox 468 3141 497 3206; x_wconf 85' lang='lat'><strong>6.</strong></span> <span class='ocrx_word' id='word_1_183' title='bbox 535 3140 670 3206; x_wconf 82' lang='lat' dir='ltr'><strong>Alfenus</strong></span> <span class='ocrx_word' id='word_1_184' title='bbox 688 3139 772 3204; x_wconf 91' lang='lat' dir='ltr'><strong>libro</strong></span> <span class='ocrx_word' id='word_1_185' title='bbox 791 3140 888 3206; x_wconf 88' lang='grc'>788770</span> <span class='ocrx_word' id='word_1_186' title='bbox 908 3139 1117 3226; x_wconf 81' lang='lat' dir='ltr'><strong>Digestorum</strong></span> 
     </span>
     <span class='ocr_line' id='line_1_30' title="bbox 64 3226 1118 3315; baseline -0.001 -19"><span class='ocrx_word' id='word_1_187' title='bbox 64 3257 67 3264; x_wconf 92' lang='lat'>·</span> <span class='ocrx_word' id='word_1_188' title='bbox 113 3254 132 3296; x_wconf 90' lang='grc'>8</span> <span class='ocrx_word' id='word_1_189' title='bbox 154 3231 257 3296; x_wconf 88' lang='grc' dir='ltr'>Ρ8870</span> <span class='ocrx_word' id='word_1_190' title='bbox 280 3231 533 3313; x_wconf 80' lang='lat' dir='ltr'><strong>epitomatorum</strong></span> <span class='ocrx_word' id='word_1_191' title='bbox 556 3227 604 3314; x_wconf 92' lang='lat' dir='ltr'>(P.</span> <span class='ocrx_word' id='word_1_192' title='bbox 620 3226 686 3315; x_wconf 84' lang='lat'><strong>60).</strong></span> <span class='ocrx_word' id='word_1_193' title='bbox 732 3227 947 3312; x_wconf 72' lang='lat' dir='ltr'><strong>supellectilis</strong></span> <span class='ocrx_word' id='word_1_194' title='bbox 970 3252 1024 3295; x_wconf 88' lang='grc'>888</span> <span class='ocrx_word' id='word_1_195' title='bbox 1048 3252 1118 3296; x_wconf 89' lang='grc'>8888</span> 
     </span>
     <span class='ocr_line' id='line_1_31' title="bbox 111 3317 1118 3403; baseline -0.001 -19"><span class='ocrx_word' id='word_1_196' title='bbox 111 3341 164 3384; x_wconf 88' lang='grc'>888</span> <span class='ocrx_word' id='word_1_197' title='bbox 196 3323 277 3402; x_wconf 89' lang='grc'>8870</span> <span class='ocrx_word' id='word_1_198' title='bbox 309 3340 391 3403; x_wconf 89' lang='grc'>0888</span> <span class='ocrx_word' id='word_1_199' title='bbox 424 3317 464 3382; x_wconf 82' lang='lat' dir='ltr'>sd</span> <span class='ocrx_word' id='word_1_200' title='bbox 495 3340 589 3382; x_wconf 91' lang='lat' dir='ltr'><strong>usum</strong></span> <span class='ocrx_word' id='word_1_201' title='bbox 617 3337 819 3383; x_wconf 88' lang='lat' dir='ltr'><strong>communem</strong></span> <span class='ocrx_word' id='word_1_202' title='bbox 849 3319 950 3402; x_wconf 88' lang='grc'>887878</span> <span class='ocrx_word' id='word_1_203' title='bbox 977 3317 1118 3384; x_wconf 82' lang='lat' dir='ltr'><strong>familias</strong></span> 
     </span>
     <span class='ocr_line' id='line_1_32' title="bbox 112 3406 1118 3492; baseline -0.002 -19"><span class='ocrx_word' id='word_1_204' title='bbox 112 3411 246 3492; x_wconf 87' lang='grc'>8888788</span> <span class='ocrx_word' id='word_1_205' title='bbox 269 3411 386 3492; x_wconf 84' lang='lat' dir='ltr'><strong>essent,</strong></span> <span class='ocrx_word' id='word_1_206' title='bbox 408 3428 490 3492; x_wconf 88' lang='grc'>0888</span> <span class='ocrx_word' id='word_1_207' title='bbox 509 3427 625 3471; x_wconf 89' lang='lat' dir='ltr'><strong>nomen</strong></span> <span class='ocrx_word' id='word_1_208' title='bbox 644 3407 693 3470; x_wconf 87' lang='lat' dir='ltr'>sui</span> <span class='ocrx_word' id='word_1_209' title='bbox 713 3406 839 3492; x_wconf 88' lang='lat' dir='ltr'><strong>generis</strong></span> <span class='ocrx_word' id='word_1_210' title='bbox 859 3407 1033 3490; x_wconf 82' lang='lat' dir='ltr'><strong>seperatim</strong></span> <span class='ocrx_word' id='word_1_211' title='bbox 1052 3429 1118 3472; x_wconf 89' lang='lat' dir='ltr'>non</span> 
     </span>
     <span class='ocr_line' id='line_1_33' title="bbox 113 3494 1119 3581; baseline -0.001 -19"><span class='ocrx_word' id='word_1_212' title='bbox 113 3497 282 3562; x_wconf 80' lang='lat' dir='ltr'><strong>haberent:</strong></span> <span class='ocrx_word' id='word_1_213' title='bbox 306 3518 404 3580; x_wconf 89' lang='grc'>08888</span> <span class='ocrx_word' id='word_1_214' title='bbox 427 3517 509 3581; x_wconf 88' lang='grc'>0888</span> <span class='ocrx_word' id='word_1_215' title='bbox 533 3495 570 3559; x_wconf 82' lang='lat' dir='ltr'>sd</span> <span class='ocrx_word' id='word_1_216' title='bbox 594 3494 722 3560; x_wconf 83' lang='grc'>88777877</span> <span class='ocrx_word' id='word_1_217' title='bbox 745 3514 846 3579; x_wconf 89' lang='lat' dir='ltr'><strong>genus</strong></span> <span class='ocrx_word' id='word_1_218' title='bbox 870 3495 999 3579; x_wconf 66' lang='lat' dir='ltr'><strong>{aliquod</strong></span> <span class='ocrx_word' id='word_1_219' title='bbox 1018 3497 1119 3581; x_wconf 87' lang='lat' dir='ltr'><strong>perti·</strong></span> 
     </span>
    </p>
   </div>
   <div class='ocr_carea' id='block_1_19' title="bbox 0 0 1305 3910">
    <p class='ocr_par' dir='ltr' id='par_1_19' title="bbox 0 0 1305 3910">
     <span class='ocr_line' id='line_1_34' title="bbox 0 0 1305 3910; baseline 0 0"><span class='ocrx_word' id='word_1_220' title='bbox 0 0 1305 3910; x_wconf 95' lang='lat' dir='ltr'> </span> 
     </span>
    </p>
   </div>
  </div>
 </body>
</html>
