2598 3910
422 197 446 248 1.
468 193 498 246 P.
512 187 680 246 ALFENUS
698 189 819 246 VARUS
1060 194 1125 258 311
1188 245 1189 249 ,
1267 221 1270 226 ·

113 359 236 424 habere
268 356 318 420 ius
350 353 423 421 Seio
455 377 521 419 non
553 358 652 437 esset,
682 356 714 417 et
747 351 839 418 Seius
872 355 906 418 in
940 377 978 421 eo
1011 358 1125 423 silvam

116 447 263 529 sevisset,
281 447 315 508 in
334 467 396 529 que
414 443 507 508 lubra
526 447 559 507 et
577 444 663 508 lenes
679 441 774 526 <et>l
789 445 981 510 euoumelles
1000 449 1125 529 positas

115 535 262 617 haberet,
285 532 392 598 Annio
416 532 586 597 eonsilium
611 553 722 596 omnes
745 532 823 596 iuris
845 533 942 616 periti
961 534 1126 620 dederunt,

114 629 153 688 ut
174 646 246 689 eum
266 644 304 688 eo
324 627 446 706 egeret:
469 623 520 685 ius
540 620 569 684 ei
586 642 652 684 non
671 641 739 684 esse
758 620 792 684 in
811 643 849 686 eo
868 621 939 686 loeo
960 644 997 688 ee
1016 625 1125 708 posite

114 713 237 778 habere
259 711 359 776 invito
383 733 426 774 se.
1052 791 1054 796 Ι

206 801 258 867 59.
282 800 321 864 l).
336 799 409 884 8,2‚
425 799 475 864 16.
513 797 630 862 Paulus
648 797 732 861 libro
751 798 890 863 seeundo
910 801 1125 884 epitomemm

115 889 227 954 Alfeni
250 889 458 974 Digestorum
482 885 531 972 (P.
545 885 612 971 42).
657 885 781 950 Lumen
803 885 835 951 id
859 887 917 972 est,
940 893 977 954 ut
1000 892 1124 956 eaelum

115 979 289 1060 videretur,
312 981 345 1042 et
368 978 504 1041 interest
525 976 612 1040 inter
630 975 741 1039 lumen
760 978 792 1040 et
810 981 1025 1060 prospectum,
1048 1002 1125 1045 nem

113 1071 307 1151 prospectus
335 1065 433 1131 etiem
460 1087 498 1128 ex
525 1064 733 1128 inferioribus
762 1065 841 1129 loeis
864 1071 927 1150 est,
955 1069 1063 1133 lumen
1086 1091 1126 1134 ex

113 1156 268 1221 inferiore
291 1157 363 1220 loeo
387 1175 546 1218 essenon
569 1157 686 1236 potest.

205 1269 242 1326 of.
266 1265 364 1327 Servii
385 1284 529 1342 responso
551 1267 603 1324 91.

7 1459 8 1464 ¹
114 1365 117 1372 Α
206 1378 257 1442 60,
285 1375 324 1450 D.
339 1378 372 1456 8,
387 1378 422 1460 2,
436 1377 488 1440 33.
525 1374 643 1439 Paulus
665 1373 749 1438 libro
773 1375 886 1460 quinto
909 1377 1124 1460 epitomerum

49 1507 53 1514 ·
114 1465 227 1531 Alfeni
255 1465 464 1551 Digestorum
492 1463 543 1550 (P.
564 1461 630 1547 68).
681 1462 765 1528 llum
793 1464 908 1530 debere
941 1467 1123 1532 columnam

113 1551 296 1640 restituere,
319 1576 402 1640 quae
424 1576 505 1618 onus
528 1553 705 1617 vieinurum
728 1551 854 1616 aedium
877 1554 1010 1642 ferebat,
1033 1557 1124 1621 ouius

114 1648 224 1708 essent
247 1643 342 1708 aedes
369 1664 452 1728 quse
479 1642 647 1725 servirent,
679 1663 746 1706 non
774 1663 847 1706 eum
875 1643 930 1726 qui
957 1644 1123 1729 imponere

113 1733 221 1797 vellet
274 1755 350 1796 nem
388 1753 461 1796 eum
497 1731 531 1794 in
565 1730 637 1814 lege
669 1729 797 1794 sedium
834 1733 989 1815 seriptum
1026 1737 1125 1798 essett

114 1821 235 1906 ‘paries
255 1822 344 1886 oneri
362 1819 496 1888 ferundo
515 1819 564 1883 uti
581 1839 667 1882 nune
686 1822 745 1903 est,
763 1819 810 1883 ite
829 1818 893 1904 sit',
912 1821 992 1884 setis
1013 1826 1123 1905 aperte

115 1909 292 1994 significari
320 1909 356 1973 in
386 1913 576 1993 perpetuum
607 1909 765 1992 parietem
797 1929 867 1972 esse
899 1908 1026 1994 debere,
1058 1933 1124 1976 non

115 1999 202 2062 enim
224 1999 286 2064 hoe
304 1997 355 2064 his
374 1997 481 2063 verbis
501 1997 571 2082 diei,
593 2001 631 2060 ut
648 1997 683 2062 in
700 1999 892 2082 perpetuum
913 1998 997 2062 idem
1016 2002 1122 2082 paries

116 2091 216 2173 esset,
242 2087 328 2172 quod
354 2107 395 2151 ne
422 2087 492 2150 fieri
519 2085 649 2170 quidem
676 2091 800 2170 posset,
826 2086 881 2150 sed
910 2087 958 2150 uti
981 2088 1123 2152 eiusdem

114 2176 203 2241 modi
229 2176 335 2260 paries
363 2176 397 2240 in
425 2180 616 2259 perpetuum
643 2178 729 2240 esset
756 2175 811 2259 qui
840 2197 920 2240 onus
949 2176 1123 2242 sustineret

115 2264 398 2350 [quemadmodum
418 2264 447 2328 si
465 2264 537 2349 quis
556 2265 703 2343 cavisset,
721 2267 758 2328 ut
775 2264 827 2328 oui
846 2286 926 2328 onus
941 2266 1123 2352 sustineret,

115 2356 143 2418 si
172 2376 210 2418 ee
237 2375 288 2418 res
306 2367 398 2437 ‘quae
428 2353 526 2416 servit
553 2357 586 2416 et
612 2355 705 2416 tuum
734 2373 814 2417 onus
842 2352 954 2437 ferret,
977 2355 1123 2440 perisset,

44 2448 46 2452 ’
115 2441 181 2507 alin
204 2444 239 2507 in
260 2444 368 2507 loeum
391 2442 459 2506 eius
483 2441 552 2504 deri
576 2442 714 2521 debeat}

204 2555 241 2614 of.
264 2553 361 2614 Servii
382 2569 526 2629 response
549 2554 599 2612 92.

204 2665 255 2730 61.
283 2663 324 2729 D.
343 2663 377 2750 8,
395 2663 469 2745 5,8
493 2664 513 2742 ὅ
534 2661 562 2726 5.
603 2659 764 2743 Ulpianus
791 2660 876 2726 libro
905 2663 1044 2746 septimo
1069 2663 1122 2728 de·

115 2754 198 2819 oimo
235 2753 276 2817 ad
314 2752 455 2817 edietum
488 2747 536 2837 (P.
561 2747 649 2836 601).
678 2749 815 2814 -Aristo
848 2747 986 2816 Cerellio
1019 2750 1123 2817 Vitali

114 2842 357 2927 respondit
380 2841 527 2924 idemque
551 2840 610 2902 eit:
711 2837 862 2903 Alfenum
887 2839 1022 2925 denique
1047 2842 1124 2907 sori·

114 2932 191 2996 bere
216 2932 263 2996 eit
284 2952 380 3014 posse
402 2929 450 2992 ite
472 2928 526 3014 agi
544 2929 594 2992 ius
612 2926 744 2992 illinon
763 2949 832 2992 esse
851 2928 886 2992 in
905 2950 963 2994 suo
981 2929 1124 3014 lapidem

115 3019 259 3098 caedere,
282 3019 374 3083 utin
397 3039 504 3082 meum
526 3016 660 3081 fundum
682 3016 868 3101 fragmenta
891 3017 1016 3083 cedant.

204 3109 253 3174 62.
270 3107 310 3172 D.
320 3106 350 3190 8,
358 3106 490 3190 5,l‘lpr.
511 3106 646 3170 Alfenus
659 3105 743 3170 libro
758 3106 898 3172 seeundo
913 3105 1122 3192 Digestorum

115 3194 164 3282 (P.
179 3194 224 3284 4).
268 3193 302 3262 Si
326 3195 453 3281 quando
476 3195 562 3259 inter
584 3194 678 3260 aedes
701 3194 795 3259 binus
819 3196 925 3279 peries
949 3201 1043 3278 esset,
1067 3195 1123 3280 qni

114 3285 161 3350 ite
188 3288 334 3350 uentrem
362 3283 496 3367 faceret,
523 3288 560 3348 ut
587 3284 621 3347 in
648 3283 746 3348 vieini
772 3282 902 3348 domum
926 3284 1123 3368 semipedem

115 3379 172 3440 aut
190 3375 331 3460 emplius
349 3373 584 3458 procumberet,
602 3373 656 3457 egi
670 3375 800 3456 oportet
814 3368 977 3459 (oportere
991 3393 1123 3455 respon-

187 3572 201 3620 1
226 3566 262 3620 F.
280 3558 367 3621 tenes.
