2598 3910
158 185 224 251 300
253 186 325 240 VIII.
341 183 473 240 OCTAVI
487 183 585 239 SAEG.
595 183 693 239 IURIS
708 183 878 240 CONSULT.
890 184 1014 240 snalns
1029 185 1172 240 TERTIA

248 353 420 413 Sermonem
456 371 520 411 esse
554 347 591 410 de
623 351 700 411 silva
730 370 790 411 non
821 352 934 411 caedua
966 352 1051 412 dooet
1083 353 1174 432 frag·

159 445 294 502 mentum
312 442 391 519 quod
408 442 441 500 in
458 440 619 500 Iustiniani
635 439 770 517 Digestis
788 441 946 500 antecedit.
982 441 1173 517 Pomponius

158 532 235 591 libro
272 531 375 608 quinto
412 529 450 588 ad
487 529 631 588 Sabinum
667 522 714 610 (P.
738 521 833 608 454):
870 548 906 588 ex
942 529 1019 589 silva
1055 530 1174 590 caedua

158 621 337 696 pedamenta
354 621 385 678 et
402 636 502 678 ramos
520 637 557 678 ex
573 618 679 676 arbore
696 617 953 676 usufructuarium
967 623 1174 698 sumpturum,

159 727 196 768 ex
221 728 282 768 non
309 707 421 766 eaedua
447 707 479 764 in
506 707 625 766 vineam
652 708 857 784 sumpturum,
885 707 957 765 dum
979 725 1016 766 ne
1040 707 1174 766 fundum

159 798 337 856 deteriorem
365 795 466 855 faeiat.

491 947 534 1001 De
551 946 719 1000 habitatione
738 947 835 1014 Iepota.

248 1049 300 1114 27.
332 1046 372 1112 D.
391 1047 448 1127 33,
465 1047 500 1128 2,
518 1046 572 1111 40.
623 1043 759 1110 Alfenus
788 1043 896 1109 Varus
928 1046 1013 1110 Iibro
1053 1049 1173 1110 octavo

159 1137 370 1222 Digestorum
393 1158 413 1199 a
435 1133 536 1198 Panlo
561 1135 809 1218 epItomatorum
833 1131 880 1221 (P.
896 1131 964 1221 74).
1009 1133 1075 1198 ‘IIIi
1096 1156 1172 1198 oum

161 1226 218 1290 iIIo
241 1223 474 1289 habitationem
497 1223 583 1307 Iego'
606 1222 738 1306 perinde
762 1243 840 1308 esse,
868 1244 905 1288 ao
929 1223 958 1288 si
980 1223 1027 1288 ita
1052 1222 1113 1287 ‘iIIi
1136 1229 1173 1288 et
1285 1315 1286 1318 Ἴ

159 1312 222 1379 ilIi'
245 1315 395 1398 legasset.

248 1433 284 1492 of.
307 1432 403 1492 Servii
426 1450 569 1508 responsa
593 1433 644 1490 27.

544 1601 588 1655 De
606 1618 674 1655 nave
692 1601 788 1672 opaea.

249 1701 301 1768 28.
324 1701 363 1768 D.
378 1701 429 1784 21,
444 1701 474 1785 2,
492 1701 544 1766 44.
581 1700 733 1764 Alfenum
756 1701 840 1765 Iibro
861 1701 998 1766 seeundo
1017 1700 1174 1787 Digesto·

160 1814 232 1857 rum
265 1813 284 1856 a
313 1790 415 1856 Paulo
443 1791 693 1874 epitomatorem
721 1787 770 1872 (P.
790 1789 857 1872 45).
912 1788 1073 1874 Scapham
1105 1813 1173 1856 non
1291 1847 1292 1864 ,

160 1880 262 1946 rideri
284 1881 378 1945 navis
402 1900 471 1943 esse
494 1877 662 1962 respondit
684 1899 743 1943 neo
766 1879 937 1962 quiequam
960 1878 1171 1944 coniunctum

160 1969 290 2052 habere,
312 1990 388 2032 nam
410 1966 563 2050 soapham
582 1965 687 2050 ipsam
705 1988 764 2050 per
782 1987 816 2032 se
834 1989 967 2052 parvam
986 1968 1171 2033 naviculam

161 2080 245 2122 esse:
269 2057 377 2122 omnia
400 2059 516 2138 autern,
540 2076 621 2138 quae
644 2056 814 2120 ooniunota
832 2056 909 2121 navi
927 2060 1045 2140 essent,
1068 2058 1172 2122 veluti
1291 2109 1293 2118 .

162 2144 380 2232 gubernacula
410 2144 514 2207 malus
546 2145 717 2211 antemnae
750 2145 870 2229 velum,
902 2145 993 2228 quasi
1024 2146 1172 2210 membra

161 2255 253 2299 navis
276 2254 355 2298 esse.

250 2353 286 2412 ef.
311 2351 407 2411 Servii
429 2368 571 2426 responsa
594 2352 646 2411 45.

509 2521 554 2576 De
572 2522 696 2576 libertate
713 2521 817 2576 relicto.
842 2499 846 2508 ’

249 2623 302 2688 29.
334 2622 375 2687 D.
392 2623 449 2706 40,
471 2623 505 2706 I,
531 2622 580 2688 14.
631 2621 765 2686 Alfenus
797 2618 902 2684 Verus
935 2621 1020 2685 Iibro
1052 2627 1167 2704 quarto

161 2711 371 2798 Digestorum
395 2707 445 2863 ff.
471 2710 536 2793 18).
582 2710 713 2794 Servus,
740 2709 796 2794 qni
817 2711 1012 2774 testamento
1035 2710 1168 2795 domini,

161 2821 233 2865 oum
266 2801 375 2865 decem
431 2799 516 2863 erodi
548 2799 702 2877 dedisset,
734 2797 817 2862 liber
849 2818 919 2863 esse
950 2798 1057 2864 iussus
1089 2803 1169 2883 erat,

160 2887 271 2952 heredi
295 2887 473 2952 mercedem
492 2885 611 2951 referre
630 2908 689 2970 pro
708 2885 814 2969 operis
833 2887 898 2950 suis
918 2887 1054 2952 solebat.
1096 2909 1167 2952 oum

162 2997 200 3040 ex
228 2975 372 3040 mercede
404 2975 497 3038 heres
529 2974 668 3058 amplius
697 2974 806 3038 decem
834 2977 1021 3060 recepisset,
1055 2997 1167 3041 servus

161 3064 300 3128 liberum
315 3083 384 3128 esse
398 3061 477 3146 (se)
489 3061 604 3127 aiebat.
628 3063 666 3126 de
681 3083 719 3126 ea
731 3084 766 3126 re
776 3065 1012 3129 consulebatur.
1034 3085 1167 3148 respon-

161 3152 211 3217 dit
236 3172 302 3216 non
329 3150 430 3217 videri
456 3151 592 3216 liberum
621 3171 702 3215 esse:
728 3171 795 3215 non
818 3152 904 3216 enirn
925 3175 984 3237 pro
1008 3153 1168 3236 libertate,

162 3241 217 3306 sed
243 3262 304 3325 pro
333 3239 438 3324 operis
466 3261 537 3306 eam
565 3239 735 3324 pecuniam
763 3239 887 3305 dedisse
913 3263 973 3306 neo
996 3242 1101 3326 magis
1125 3242 1166 3307 ob

161 3351 232 3394 eam
250 3351 319 3394 rem
338 3330 475 3394 liberum
492 3350 571 3412 esse,
589 3351 685 3412 quam
705 3329 733 3392 si
751 3327 887 3393 fundum
905 3351 925 3394 a
943 3329 1072 3394 domino
1091 3351 1166 3396 oon-

161 3417 304 3482 duxisset
327 3421 361 3483 et
382 3439 441 3500 pro
465 3417 572 3482 fructu
594 3415 686 3481 fundi
708 3417 878 3500 pecuniam
901 3417 1049 3482 dedisset.

249 3537 285 3595 of.
309 3536 406 3598 Servii
428 3554 571 3613 responsa
594 3538 645 3596 56.
