2588 3908
340 165 364 215 8.
392 157 543 214 SERVIUS
563 157 747 214 SULPICIUS
766 159 884 216 RUFUS
1052 161 1117 224 223

109 321 221 386 Seium
244 320 325 385 duae
347 325 457 405 partes
481 320 604 405 damni,
627 321 709 386 lucri
731 322 842 404 tertia,
865 345 906 386 an
929 327 1000 386 rata
1023 322 1119 386 debet

105 410 223 475 haberi
256 409 434 474 conventio.
492 408 630 486 Quintus
664 409 789 475 Mucius
822 415 936 476 contra
966 414 1117 474 naturam

107 498 274 564 societatis
303 498 401 562 talem
429 499 613 582 pactionem
639 521 709 564 esse
733 499 931 563 existimavit
959 503 991 563 et
1018 499 1060 564 ob
1084 499 1117 564 id

106 609 176 652 non
206 607 275 650 esse
302 590 408 651 ratam
433 587 623 652 habendam.
670 586 798 653 Servius
823 585 1000 671 Sulpicius,
1027 589 1117 652 cuius

107 675 273 740 sententia
300 676 493 758 praevaluit,
525 681 639 740 contra
667 677 780 759 sentit,
813 676 888 760 quia
918 698 1012 760 saepe
1042 699 1117 761 quo-

105 765 244 830 rundam
267 765 319 831 ita
348 763 491 847 pretiosa
521 771 571 829 est
601 787 698 849 opera
729 766 763 828 in
794 766 961 847 societate,
993 769 1029 830 ut
1061 787 1116 830 eos

9 915 10 922 ,
104 854 231 919 iustum
254 853 298 918 sit
320 852 452 917 meliore
471 852 656 918 condicione
674 855 708 918 in
723 855 909 918 societatem
924 855 1060 919 admitti.
1083 905 1113 920 ..

106 947 141 1006 et
170 941 248 1006 adeo
277 944 390 1006 contra
413 940 525 1018 Quinti
547 941 646 1008 Mucii
673 942 866 1008 sententiam
894 943 1053 1026 optinuit,
1079 949 1116 1008 ut

106 1029 192 1095 illud
230 1050 357 1114 quoque
395 1029 578 1095 eonstiterit
614 1034 710 1114 possa
746 1031 932 1114 convenire,
972 1036 1009 1096 ut
1046 1033 1117 1116 quis

104 1119 189 1184 lucri
222 1123 348 1202 partem
381 1117 482 1202 ferat,
518 1118 635 1184 damno
667 1141 735 1185 non
766 1125 930 1202 teneatur,
966 1121 1051 1205 quod
1084 1125 1116 1184 ct

105 1209 216 1292 ipsum
254 1205 393 1272 Servius
420 1209 648 1272 convenienter
683 1209 746 1273 sibi
782 1209 995 1291 existimavit,
1022 1210 1117 1293 -quod

105 1301 221 1361 tamen
242 1296 289 1360 ita
311 1295 451 1380 intelligi
473 1300 612 1380 oportet,
635 1301 671 1360 ut
695 1298 724 1361 si
745 1297 781 1361 in
801 1297 962 1381 aliquare
982 1299 1116 1380 lucrum,

105 1387 143 1449 in
171 1385 280 1469 aliqua
306 1384 460 1448 damnum
488 1386 623 1448 allatum
654 1385 711 1470 sit,
742 1387 1002 1469 compensatione
1029 1385 1117 1450 facta

108 1474 215 1539 solum
239 1473 324 1558 quod
348 1477 496 1557 superest
517 1474 727 1558 intellegatur
748 1475 829 1538 lucri
852 1496 930 1540 esse.

198 1558 244 1626 8⁶.
272 1561 311 1627 D.
332 1563 382 1639 17,
400 1563 431 1644 2,
449 1561 491 1632 29
502 1585 550 1646 pr.
593 1561 753 1645 Ulpianus
776 1563 861 1628 libro
885 1563 1052 1649 trigesimo
1077 1563 1117 1627 ad

107 1649 265 1716 Sabinum
293 1647 343 1735 (P.
365 1650 477 1734 2742).
522 1651 551 1714 si
578 1673 653 1715 vero
681 1651 851 1734 placuerit,
878 1656 915 1716 ut
942 1652 1013 1734 quia
1037 1653 1116 1716 duas

106 1744 220 1826 partes
243 1740 383 1804 veltres
406 1739 535 1822 habeat,
557 1740 639 1804 alius
658 1762 765 1822 unam,
788 1760 831 1804 an
849 1739 978 1803 valeat?
1010 1741 1117 1823 placet

108 1829 233 1906 valere,
266 1828 293 1892 si
324 1827 419 1892 modo
452 1827 574 1912 aliquid
607 1828 680 1912 plns
714 1828 854 1893 contulit
886 1829 1034 1893 societati
1066 1830 1117 1893 vel

110 1917 266 2000 pecuniae
280 1916 331 1980 vel
346 1938 462 2000 operae
477 1919 528 1980 vel
542 1918 818 2002 cuiuscunquet
771 1917 818 1982 alt
820 1917 903 1982 erius
918 1917 965 1981 rei
981 1919 1117 2018 [causa]

199 2005 241 2070 9?
272 2004 312 2070 D.
333 2005 432 2088 17,2,
451 2005 508 2088 65,
523 2007 551 2071 8.
597 2005 716 2070 Paulus
745 2007 870 2072 librot
856 2007 1046 2092 trigensimo
1071 2029 1117 2070 se-

106 2093 214 2160 cundo
237 2094 278 2158 ad
302 2056 385 2158 edici
371 2098 441 2157 tum
466 2056 514 2179 (P'.
532 2091 694 2182 495).t
663 2095 746 2160 Item
770 2096 871 2179 script
872 2117 926 2159 um
949 2098 999 2159 est
1021 2117 1116 2178 posse

106 2183 312 2266 procuratori
349 2204 476 2268 quoque
514 2205 585 2248 meo
623 2185 744 2249 socium
782 2206 888 2248 meum
920 2184 1116 2249 renuntiare.

107 2271 196 2356 quod
211 2269 340 2336 Servius
359 2272 444 2355 apud
459 2271 656 2337 Alfenumt
630 2296 642 2336 ι
642 2277 677 2337 ta
693 2277 800 2337 notat:
819 2294 888 2338 essa
904 2273 938 2336 in
952 2276 1116 2356 potestate

107 2359 241 2445 domini,
261 2382 334 2425 cnm
352 2361 555 2444 procuratori
573 2362 641 2426 eius
659 2363 880 2426 renuntiatum
899 2366 958 2446 est,
976 2384 1018 2426 an
1036 2361 1117 2426 velit

106 2453 214 2513 ratam
237 2449 356 2513 habere
380 2450 657 2514 renuntiationem.

199 2559 285 2630 Quod
312 2553 474 2636 ‘scriptum
501 2555 572 2638 est',
600 2559 721 2620 Servius
748 2561 780 2619 in
802 2560 893 2619 Mucii
921 2560 995 2618 iuris
1020 2559 1116 2618 civilis

106 2649 188 2709 libro
198 2649 269 2708 XIV
282 2649 392 2726 legisse
401 2649 530 2710 videtur.
553 2650 656 2725 itaque
668 2649 700 2708 in
712 2649 805 2708 Mucii
819 2647 995 2725 fragmentis
1008 2666 1116 2724 ponere

105 2737 260 2798 debebam.

530 2827 577 2886 De
597 2827 693 2900 furta.

202 2937 252 3002 10.
285 2936 444 3017 Gainn3,
463 2937 534 3002 183.
580 2935 754 3002 Furorum
779 2940 833 3002 au
836 2958 885 3001 em
910 2955 1028 3020 genera
1051 2934 1117 3001 Ser.
1195 2965 1198 2970 ·

109 3025 271 3111 Sulpicius
299 3031 332 3091 et
355 3025 516 3091 Masurius
540 3011 678 3091 Sabinus
705 3029 843 3111 quatuor
866 3047 935 3090 esse
958 3025 1118 3106 dixerunt,

108 3115 319 3180 manifestum
337 3119 371 3179 et
389 3137 448 3180 nec
467 3115 619 3180 manifest
605 3119 673 3179 tum
674 3119 836 3200 ,tconcep
838 3137 892 3180 um
911 3118 944 3179 et
962 3114 1117 3179 oblatum.

196 3227 243 3286 De
267 3225 301 3296 Q.
319 3227 410 3286 Mucii
433 3227 582 3288 sententia
602 3247 630 3287 r.
650 3245 741 3302 supra
762 3249 791 3304 p.
812 3229 862 3287 97.

199 3338 251 3402 11.
281 3335 319 3400 D.
339 3338 391 3421 47,
405 3338 435 3417 2,
455 3338 506 3419 77,
523 3338 550 3402 1.
590 3336 680 3402 Idem
705 3333 931 3421 (Pomponius)
954 3335 1037 3400 libro
1060 3335 1116 3398 tri-

110 3426 234 3512 gesimo
259 3429 374 3490 octavo
398 3426 438 3490 ad
458 3424 612 3500 Quintum
630 3425 773 3490 Mucium
798 3421 847 3510 (P.
861 3421 950 3510 322).
987 3422 1116 3506 Siquis

110 3515 206 3580 alteri
228 3513 351 3578 furtum
374 3515 487 3580 fecerit
510 3518 542 3580 at
564 3514 597 3578 id
620 3514 705 3599 qnod
729 3514 888 3597 subripuit
912 3514 994 3576 alius
1018 3512 1116 3576 abeo
