2600 3908
157 146 198 210 72
234 147 280 202 IV.
292 141 448 201 'SEPTIMI
462 145 561 201 SAEC.
577 144 672 201 lURIS
692 144 865 202 CONSULT.
880 145 1162 200 salamantinus

154 315 315 393 reperitur,
348 315 477 388 fortasse
508 333 567 374 non
599 331 670 372 6666
699 313 742 372 fit.
792 314 835 373 eis
863 313 941 373 enim
967 313 1164 393 temporibus,

155 405 264 482 quibus
286 403 418 462 familiae
442 407 559 479 emptor
581 402 699 462 heredis
722 403 820 462 locum
844 403 999 462 obtinebat
1022 405 1053 462 et
1076 403 1113 462 ob
1132 404 1164 462 id

155 493 182 556 61
201 493 363 553 mandabat
383 494 518 564 testator,
543 491 615 568 quid
635 491 742 568 unique
760 493 974 566 postmortem
993 510 1080 551 suam
1098 491 1162 550 dari

154 581 247 642 vellet
275 572 354 662 (Gai.
378 581 422 657 Π,
443 574 534 659 103),
566 579 684 638 nullum
716 579 773 639 nisi
801 579 1001 640 damnationis
1028 581 1162 657 legatum

153 669 254 730 looum
275 669 416 729 habuisse
440 671 577 744 apertum
600 672 653 728 est.
1161 743 1163 749 .

221 759 287 839 De
319 759 469 818 libertatis
501 757 619 816 datione
647 756 765 816 Muoius
799 760 878 816 certe
907 757 994 816 dixit:
1028 761 1059 816 at
1086 757 1163 816 hano

155 847 306 908 dationem
325 866 343 906 a
360 847 461 924 legato
480 845 629 906 diversam
648 845 784 905 habitam
803 864 868 906 esse
887 845 980 906 Gaius
994 845 1033 924 ΙΙ,
1046 847 1106 905 229
1118 864 1161 922 sq.

154 937 202 996 his
233 935 332 996 verbis
365 933 466 995 dooet:
500 927 580 994 ‘ante
613 935 731 994 heredis
762 934 983 994 institutionem
1015 933 1163 994 inutiliter

154 1025 275 1100 legatur
294 1071 299 1084 .
316 1071 322 1083 .
338 1071 343 1082 .
362 1025 429 1100 pari
452 1025 566 1096 ratione
589 1042 643 1083 666
666 1022 790 1082 libertas
815 1027 884 1083 ante
906 1024 1023 1083 heredis
1042 1023 1163 1082 institu-

153 1113 267 1174 tionem
286 1111 352 1172 dari
369 1105 491 1189 potest?
524 1112 616 1172 etiam
635 1113 671 1171 de
691 1114 774 1172 statu
792 1111 886 1172 libero
904 1113 1037 1172 Munium
1053 1112 1164 1172 dixisse

154 1201 284 1280 legimus
298 1194 347 1283 (D.
363 1203 415 1278 40,
432 1206 460 1279 7,
475 1203 516 1261 29
526 1220 581 1278 pn,
598 1205 630 1277 13
650 1203 701 1279 39,
717 1203 746 1278 5,
762 1204 791 1278 9,
807 1196 849 1279 2).
873 1204 905 1260 61
921 1201 996 1261 iuris
1011 1201 1162 1260 oonsultos

154 1291 239 1368 prins
262 1290 429 1368 admisisse,
458 1307 559 1351 servos
583 1293 764 1350 testamento
788 1290 843 1349 sub
869 1291 970 1366 aliqua
993 1289 1165 1349 eondioione

154 1379 266 1440 liberos
294 1397 358 1439 esse
385 1379 489 1438 iubere
517 1397 609 1456 qnam
633 1398 697 1437 rem
720 1379 776 1438 sub
799 1378 970 1438 eondioione
992 1397 1046 1455 per
1068 1379 1165 1438 vindi-

155 1469 303 1528 oationem
325 1468 440 1545 legare,
463 1467 542 1526 idem
566 1465 659 1526 Gaius
682 1466 722 1539 Π,
742 1470 806 1528 200
829 1467 955 1542 indicat,
978 1468 1088 1544 quippe
1112 1469 1165 1543 qni

156 1557 236 1635 quod
259 1557 303 1616 ita
324 1575 379 1634 per
401 1556 632 1617 vindicationem
655 1557 789 1632 legatum
813 1561 867 1635 est,
893 1556 1039 1632 pandente
1063 1557 1164 1616 eondi-

89 1693 94 1698 .
155 1647 238 1706 aione
271 1639 416 1722 ‘exemplo
449 1649 531 1706 statu
563 1637 663 1704 liberi'
694 1645 864 1704 habendum
896 1663 959 1704 6666
987 1644 1165 1704 Sabinianos
1283 1689 1286 1696 .

155 1738 263 1812 putare
286 1735 389 1794 tradit.
435 1735 471 1794 of.
494 1734 605 1795 librum
628 1733 664 1791 X.

244 1823 328 1883 Inter
346 1842 497 1900 personas,
517 1821 625 1900 quibus
644 1822 771 1899 legatur,
789 1821 919 1898 primum
939 1822 1019 1899 apud
1033 1821 1168 1880 Mucium

155 1913 254 1972 looum
286 1913 403 1972 obtinst
434 1931 509 1972 uxor
540 1910 589 1970 vel
622 1910 863 1984 materfamilias;
895 1913 1016 1987 praeter
1042 1929 1169 1970 morem

155 2001 349 2060 nominantur
375 1993 517 2076 ‘mulier',
544 1999 576 2057 id
603 2001 650 2057 est
676 1998 801 2077 liberta,
829 2003 859 2058 et
885 1999 991 2058 Attius
1019 1992 1169 2059 ‘amious’.

243 2088 327 2148 Inter
362 2106 410 2146 res
443 2087 530 2148 uxori
561 2088 678 2163 legatas
711 2106 763 2147 eae
796 2087 932 2164 inprimis
966 2089 1169 2161 nominantur-4

155 2195 232 2255 quae
260 2175 371 2236 uxoris
389 2195 479 2236 oanea
506 2179 612 2253 parata
639 2179 718 2236 snut.
763 2175 799 2235 D.
819 2178 870 2252 34,
891 2179 919 2254 2,
940 2179 981 2237 10
1006 2169 1058 2257 (‘si
1080 2184 1172 2253 pater

154 2265 284 2324 familias
312 2265 398 2324 uxori
426 2283 478 2326 vas
506 2268 560 2325 aut
586 2265 800 2325 vestimentum
827 2268 882 2324 aut
907 2266 1062 2343 quippiam
1085 2266 1171 2326 aliud

154 2353 199 2414 ita
225 2354 350 2430 legavit:
379 2355 460 2431 quod
488 2355 552 2414 eins
580 2372 671 2414 oansa
696 2358 829 2430 emptum
852 2357 1029 2430 paratumve
1054 2347 1170 2431 esset').

154 2443 191 2504 D.
216 2445 270 2516 34,
292 2445 324 2520 2,
345 2444 386 2502 34
405 2462 449 2518 pr.
478 2437 531 2524 (si
558 2461 665 2503 aurum
693 2461 780 2503 suum
809 2462 895 2503 omne
922 2447 1010 2520 pater
1036 2443 1170 2504 familias

154 2533 240 2592 uxori
270 2551 342 2592 suae
369 2524 541 2616 legasset');
564 2528 584 2608 ἓ
605 2535 622 2591 1
649 2523 703 2613 (‘si
724 2531 852 2592 maritus
875 2531 961 2592 uxori
986 2578 1014 2593 ..
1038 2532 1172 2610 legasset

154 2622 210 2680 ita:
243 2640 350 2680 aurum
383 2623 591 2699 quodnamque
623 2621 725 2681 uxoris
758 2639 849 2681 66666
880 2623 1020 2696 paratum
1048 2611 1172 2702 asset');

156 2707 175 2786 ξ
206 2713 224 2770 2
263 2702 315 2791 (‘si
351 2710 396 2769 ita
431 2711 562 2789 legasset
594 2711 693 2770 uxori:
730 2728 837 2768 aarum
870 2707 949 2788 quod
982 2709 1046 2769 6166
1079 2728 1173 2769 eausa

155 2801 296 2874 paratum
328 2793 420 2876 erit').
471 2799 510 2859 ad
541 2817 589 2874 res
621 2800 706 2858 uxori
725 2799 897 2874 'praecipuo
929 2798 1045 2875 legatas
1078 2799 1170 2857 etiam

155 2905 267 2964 penum
289 2887 439 2962 portinere
463 2889 596 2964 apparet,
620 2887 656 2946 de
679 2907 740 2962 qua
757 2885 889 2946 Munium
907 2887 1003 2946 fusius
1022 2891 1170 2947 tractasse

155 2973 331 3035 videbimus.
377 2975 463 3036 uxori
490 2985 592 3040 antem
618 2993 678 3034 non
707 2975 803 3034 solum
831 2974 886 3035 has
913 2994 975 3054 res,
1003 2976 1054 3036 sed
1078 2977 1169 3034 etiam

107 3075 109 3077 ·
156 3063 350 3141 partitionem
377 3063 479 3140 legare
507 3065 539 3123 in
565 3081 624 3124 666
651 3063 744 3123 161666
772 3063 807 3123 D.
829 3066 885 3142 32,
905 3067 993 3140 29,1
1024 3064 1171 3140 ostendit3
1245 3073 1247 3077 '

157 3151 209 3212 sod
237 3151 273 3211 de
299 3152 356 3212 hoo
384 3153 516 3212 Munium
544 3152 603 3211 alio
632 3152 712 3228 loeo,
738 3152 880 3212 nimirum
907 3154 939 3212 in
967 3153 1098 3212 familiae
1124 3172 1170 3212 er·

157 3240 314 3302 oisoundae
338 3239 448 3301 iudioio
472 3241 647 3318 explicando
671 3240 779 3302 dixisse
802 3249 887 3316 puto.

246 3329 387 3390 Libertas
410 3330 528 3390 aedium
552 3347 625 3390 usus
648 3330 830 3409 relinquitur
854 3322 903 3412 (D.
920 3333 948 3408 7,
964 3332 993 3406 8,
1007 3333 1036 3408 4,
1054 3323 1095 3410 1).
1133 3330 1171 3389 de

157 3438 193 3479 ea
207 3412 356 3480 ‘muliere'
369 3418 488 3480 Muoins
497 3419 773 3497 praesumptionem
784 3419 925 3480 statuisse
935 3419 1063 3498 videtur,
1078 3438 1170 3496 quam

158 3503 303 3570 ‘evitandi
326 3498 424 3586 tarpis
448 3512 591 3587 quaestus
614 3503 725 3587 gratia'
747 3508 905 3585 proposuit
928 3505 976 3587 (D.
995 3509 1045 3580 24,
1062 3511 1090 3584 1,
1106 3505 1170 3580 51).
