2614 3914
163 179 229 244 332
257 179 328 236 VIII.
345 178 1021 236 Ocsnvlsnae.lua1scossanusaalas
1038 179 1178 234 TERTIA

164 349 294 408 obicitur
317 349 344 408 ei
368 349 515 425 exceptio,
544 352 578 408 ut
600 350 645 408 ita
668 349 789 407 demum
812 352 928 424 emptor
952 349 1125 426 damnetur,
1152 349 1179 408 si

164 439 192 497 11
219 457 267 498 res
295 457 385 514 quam
414 438 520 496 11111111
547 438 662 496 tradita
689 441 735 496 est
845 437 896 496 sed
924 438 950 496 si
976 437 1008 495 in
1036 438 1179 496 auctione

164 527 355 603 praedictum
376 529 435 603 est,
459 547 496 586 ne
520 529 589 585 ante
614 527 741 602 emptori
764 521 856 604 <111>
877 527 1059 602 traderetur,
1086 545 1180 602 quam

164 617 190 675 si
208 617 339 692 pretium
357 615 490 692 solverit,
509 616 703 690 replicatione
721 613 778 674 tali
796 615 985 692 argentarius
1000 615 1179 673 adiuvatur:

165 699 231 764 ‘aut
255 705 280 764 si
302 705 491 780 praedictum
514 707 571 777 est,
601 723 639 764 ne
663 705 752 763 aliter
775 705 904 780 emptori
926 723 974 762 res
997 704 1181 781 traderetur,

165 813 256 870 quam
279 794 305 852 si
327 793 459 869 pretinm
481 795 598 868 emptor
622 786 767 854 solverit'.

254 882 342 942 Addo
373 882 439 940 fieri
470 900 556 957 posse
588 885 624 941 ut
651 881 684 940 L.
709 881 861 956 Saufeius,
895 899 985 957 eques
1011 881 1180 958 Romame,

165 971 261 1030 Attici
280 971 402 1042 amicus,
420 970 500 1029 idem
520 971 560 1029 sit
578 974 669 1046 atque
685 969 824 1029 Saufeius
842 971 903 1048 ille,
922 970 954 1028 in
970 971 1055 1028 cuius
1068 988 1181 1029 navem

166 1061 333 1135 complures
365 1060 549 1118 frumentum
583 1058 752 1118 confodisse
781 1058 908 1117 Alfenus
941 1059 976 1118 D.
1002 1061 1057 1132 19,
1078 1060 1111 1134 2,
1137 1060 1177 1116 31
1297 1067 1298 1078 ’

165 1140 273 1228 (supra
296 1169 323 1224 p.
345 1150 407 1207 104
415 1138 472 1228 sq.)
495 1151 608 1208 narrat.
645 1148 680 1206 de
699 1149 817 1207 nomine
837 1147 950 1206 Saufeii
969 1147 1181 1208 v.Wilmanns

164 1237 310 1312 Exempla
332 1237 376 1311 H,
396 1239 469 1296 355.

255 1327 280 1383 D
295 1325 445 1400 prioribus
459 1325 533 1384 iuris
548 1325 693 1385 consultis
704 1324 810 1384 Ofilius
825 1328 856 1384 et
868 1324 901 1395 O.
909 1325 1042 1384 Mucium
1057 1327 1181 1384 secutus

168 1417 214 1474 est
229 1407 386 1494 (Quintus
404 1414 522 1473 Mucius
542 1417 573 1473 et
591 1412 697 1473 Ofilius
716 1407 914 1492 negaverunt’
934 1415 969 1472 D.
985 1417 1036 1489 33,
1053 1417 1081 1488 9,
1097 1415 1127 1490 3,
1145 1407 1180 1495 9)

168 1506 198 1562 et
221 1501 344 1562 Gallum
366 1503 521 1578 Aquilium
549 1496 691 1584 (Callus
714 1503 855 1580 Aquilius
875 1501 980 1562 Ofilius
1007 1548 1033 1561 ..
1057 1521 1181 1578 respon-

168 1585 288 1650 derunt'
312 1591 348 1651 D.
369 1595 423 1668 30,
444 1595 499 1667 30,
519 1585 568 1673 7),
595 1592 731 1668 inprimis
754 1611 824 1652 vero
849 1591 984 1652 Servium
1009 1591 1180 1668 Sulpicium

169 1671 306 1762 (negare
325 1681 425 1740 aiebat
444 1680 583 1741 Servium
602 1728 609 1742 .
625 1729 630 1740 .
646 1725 653 1740 .
672 1682 728 1740 hoc
748 1681 828 1740 idem
847 1678 968 1739 Ofilium
988 1674 1098 1740 dicere'
1119 1679 1180 1740 Cio.

168 1770 206 1828 ad
233 1771 303 1829 fam.
325 1773 353 1843 7,
373 1773 428 1847 21,
457 1763 591 1830 ‘Servius
615 1768 721 1830 Ofilius
745 1815 773 1829 ..
798 1763 896 1828 ainnt'
917 1769 953 1828 D.
975 1772 1026 1846 34,
1046 1771 1075 1841 2,
1095 1771 1124 1842 2,
1146 1772 1179 1846 3,

168 1852 312 1929 ‘Quintus
331 1860 449 1918 Mucius
469 1862 499 1918 et
518 1857 624 1917 Gallus
643 1859 793 1934 putabant
810 1858 970 1917 maximam
988 1862 1106 1933 partem
1127 1905 1180 1931 ...,

168 1948 290 2008 Servius
305 1946 411 2006 Ofilius
425 1941 591 2006 minimam'
606 1948 765 2024 1).32,29,
778 1950 810 2024 1,
825 1942 900 2006 ‘esse
916 1945 1046 2016 Quintus
1060 1947 1181 2006 Mucius

169 2035 275 2095 Gallus
294 2079 321 2095 ..
341 2038 459 2112 putant,
479 2035 600 2095 Servius
615 2033 721 2094 Ofilias
738 2055 799 2094 non
818 2031 893 2096 esse'
912 2035 948 2096 D.
959 2038 1010 2110 40,
1023 2039 1050 2111 7,
1062 2028 1180 2117 39pn).

258 2123 343 2193 Quod
375 2125 413 2182 ad
445 2123 622 2182 Trebatium
659 2127 689 2182 11
727 2125 841 2183 Aulum
869 2125 1069 2200 Cascellium,
1104 2124 1181 2184 haec

167 2213 301 2272 notanda
328 2216 410 2270 sunt:
439 2209 520 2270 Ofilii
544 2211 737 2288 Trebatiique
765 2212 801 2271 de
830 2213 933 2273 eadem
956 2232 989 2272 re
1013 2215 1180 2273 sententias

166 2301 344 2377 plerumque
372 2301 539 2360 consentire
566 2301 703 2362 videmus
728 2295 862 2381 (‘Ofilius
891 2305 921 2362 11
944 2302 1105 2361 Trebatius
1133 2321 1181 2361 re-

168 2382 364 2466 sponderunt’
391 2389 427 2450 D.
447 2393 477 2467 4,
497 2391 526 2466 8,
546 2393 596 2463 21,
617 2393 649 2466 1,
678 2393 729 2468 30,
749 2392 804 2463 30,
825 2395 859 2469 7,
886 2391 921 2450 D.
942 2393 1045 2467 311,
1073 2393 1129 2468 40,
1145 2395 1179 2467 4,

168 2473 339 2538 ‘Trebatius
359 2476 465 2538 Ofilius
484 2475 714 2556 responderunt'
732 2479 769 2538 D.
785 2481 875 2558 17,1,
890 2482 1007 2556 22,10,
1027 2473 1129 2560 ‘Ofilio
1149 2484 1180 2540 et

168 2568 310 2630 Trebatio
332 2563 492 2644 placuisse'
515 2569 551 2628 D.
562 2571 614 2646 43,
626 2571 675 2636 23,
688 2572 719 2646 1,
744 2563 872 2646 ‘negant
891 2611 919 2628 ..
940 2565 1046 2628 Ofilius
1066 2568 1178 2626 Treba-

167 2651 241 2738 tins'
264 2657 367 2734 1132,
385 2660 504 2734 100,1;
528 2660 580 2734 49,
597 2661 646 2731 15,
663 2661 713 2717 27.
754 2663 859 2717 contra
882 2652 1053 2716 ‘Trebatius
1077 2657 1180 2716 aiebat

167 2789 219 2804 ...
239 2744 346 2805 onnus
367 2741 430 2806 ...⁹
448 2747 484 2804 n.
502 2749 552 2823 aa,
568 2750 596 2823 e,
614 2739 712 2826 upa),
735 2748 814 2806 reem
833 2747 869 2804 ee
885 2744 966 2804 offla
980 2744 1179 2823 eaeterisque

167 2835 324 2894 sententiis
350 2835 509 2892 dicendum
532 2838 579 2894 est
602 2829 736 2916 (‘Ofilius
760 2834 922 2894 Cascellius
945 2830 1178 2910 responderunt'

166 2923 202 2980 D.
219 2923 268 2995 28,
279 2925 307 2999 6,
323 2924 416 2997 39,2,
431 2917 549 2980 ‘Ofilius
565 2917 738 2982 Cascellius'
753 2923 789 2982 D.
801 2925 926 3002 33,4,6,
937 2926 969 2999 1,
985 2925 1074 3000 33,6,
1084 2927 1101 2983 7
1108 2917 1177 3005 pu).

166 3010 269 3086 itaque
292 3013 355 3068 tres
375 3010 450 3068 iuris
473 3011 603 3069 consulti
626 3011 717 3070 etiam
736 3031 795 3070 una
812 3014 1017 3072 nominantur:
1041 3006 1090 3071 ‘ex
1108 3032 1183 3080 con·¹

167 3099 233 3158 silio
253 3096 335 3158 Ofilii
354 3097 492 3158 Cascellii
511 3094 657 3158 Trebatii'
675 3099 711 3158 D.
728 3103 779 3176 28,
790 3103 818 3177 6,
835 3103 927 3178 39pr.
968 3119 1037 3159 raro
1055 3105 1177 3160 tantum

166 3187 242 3248 talia
264 3187 405 3266 legimus:
430 3181 605 3247 ‘Cascellius
628 3192 724 3264 putat,
749 3187 855 3249 Ofilius
879 3190 1037 3250 Trebatius
1061 3185 1176 3250 contra'

38 3273 39 3276 ’
165 3278 201 3339 D.
222 3281 272 3356 32,
293 3280 398 3354 100,1
424 3279 472 3336 vel
496 3272 667 3336 ‘Trebatius
691 3279 792 3338 aiebat
810 3323 817 3337 .
833 3325 861 3339 ..
882 3277 988 3338 Ofilius
1012 3277 1176 3338 Cascellius

166 3413 194 3428 ..
217 3359 338 3443 putant'
360 3367 397 3426 D.
417 3369 467 3444 33,
484 3369 511 3442 6,
528 3369 601 3442 7pr.

255 3455 329 3515 Cum
354 3455 453 3516 Mucio
482 3454 588 3514 Ofilius
616 3475 676 3514 non
699 3457 786 3516 modo
808 3459 858 3516 tus
883 3458 913 3514 et
941 3475 1037 3531 ceras,
1066 3458 1120 3516 sed
1148 3462 1177 3517 et

165 3543 249 3620 ligna
277 3549 307 3603 et
334 3545 477 3604 carbones
506 3547 678 3624 ceteraque,
712 3545 820 3622 quibus
847 3561 942 3618 penus
970 3545 1176 3624 conficeretur,
