2602 3912
116 193 863 253 22222212.-2220222-221222222-
874 197 1042 254 1'1.LIB.SP.
1061 199 1103 262 41

440 400 632 460 Aetionum
654 400 762 460 libri?

187 519 221 577 A.
245 518 368 578 Pernioe
395 510 509 594 ‘legem
531 509 705 576 Hostiliam'
728 535 771 592 pr.
790 516 815 575 1.
837 519 925 594 4,1o
952 517 1106 578 laudabam

24 651 26 658 .
111 606 137 666 in
163 607 334 667 memoriam
366 609 500 682 revocat,
532 623 592 683 qua
620 599 815 681 ‘permissum
842 609 889 666 222
915 606 990 666 furti
1017 625 1105 685 agere

24 727 25 740 .
111 713 201 755 eorum
225 695 359 772 nomine,
388 694 439 773 qui
466 694 546 770 apud
572 694 674 754 hostes
701 697 801 754 essent
827 698 881 754 aut
902 695 946 756 rei
968 694 1105 771 publicae

24 791 26 866 ξ
110 802 188 844 eausa
222 785 362 844 abessent
396 784 485 860 quive
522 779 554 842 in
590 801 694 842 eorum
731 783 815 842 ouius
851 785 949 844 222212
981 777 1105 844 222222’.

24 867 25 914 ἶ
111 874 140 932 of.
160 873 313 950 Theophil.
340 893 367 949 p.
391 874 466 933 462.
511 872 672 931 formulam
700 871 737 931 ab
764 871 895 933 Hostilio
922 873 1107 950 propositam

109 963 211 1038 posteri
233 981 288 1038 pro
311 962 377 1040 lege
400 960 541 1020 habuisse
566 960 712 1020 videntur.

300 1290 367 1376 16.
400 1295 598 1371 INOERTI
625 1296 910 1372 RESPONSUM

187 1436 225 1503 D.
245 1435 400 1522 49‚15,5
423 1435 620 1520 Pomponius
645 1437 729 1502 libro
753 1437 944 1521 brigensimo
968 1437 1107 1520 septimo

110 1525 144 1590 ad
162 1526 316 1604 Quintum
334 1524 477 1591 Mucium
493 1523 541 1612 (P.
556 1522 645 1612 319).
667 1562 705 1574 -
727 1573 778 1592 ...
798 1527 832 1590 in
849 1525 953 1591 Atilio
972 1525 1108 1611 Regulo,

24 1639 25 1686 ἑ
110 1636 194 1698 quem
227 1612 512 1700 Carthaginienses
543 1613 681 1679 Romam
714 1614 886 1693 miserunt,
918 1636 1108 1700 responsum

109 1707 164 1788 222,
184 1726 250 1770 non
274 1725 343 1768 esse
367 1725 440 1769 eum
463 1703 664 1788 postliminio
687 1724 860 1768 reversum.

524 1899 684 1908 ann-......

396 2039 463 2123 17.
500 2044 631 2118 LIBRI
660 2045 816 2118 SPURII

190 2189 294 2250 Cicero
318 2190 354 2249 de
376 2209 418 2251 or.
444 2193 477 2262 2,
498 2192 562 2250 224
590 2183 671 2249 ‘lum
699 2209 735 2250 ex
762 2190 840 2250 libro
865 2189 970 2268 terlio,
997 2189 1029 2247 in
1052 2208 1110 2266 quo

25 2271 26 2280 ’
109 2277 190 2338 finem
209 2278 358 2339 scribendi
377 2279 449 2339 feeit
467 2271 530 2362 (222
548 2278 636 2356 enim,
655 2283 689 2338 22
703 2278 805 2339 audivi
819 2278 992 2340 Scaevolam
1005 2277 1111 2355 (liuere,

26 2399 27 2404 κ
109 2371 172 2428 sunt
190 2368 256 2427 veri
269 2367 359 2428 Bruti
372 2359 470 2449 libri)'
485 2371 516 2428 22
529 2388 557 2444 q.
572 2386 594 2427 s.
617 2367 800 2445 Pomponius
819 2367 839 2440 ἓ
855 2370 895 2428 39
916 2361 936 2428 ‘.
947 2411 971 2428 ..
985 2367 1111 2426 Publius

109 2454 219 2516 Murius
318 2456 419 2516 deoem
441 2457 560 2518 libellos
582 2457 716 2535 reliquit,
737 2456 852 2516 Brutus
871 2458 995 2533 septem,
1016 2456 1111 2515 Meni-

108 2543 161 2606 lius
187 2539 271 2605 bres'.
317 2565 393 2622 quae
420 2547 514 2607 verba
540 2546 598 2607 viri
622 2546 702 2606 donli
724 2546 768 2605 ita
790 2550 908 2604 mutare
931 2545 1049 2621 volunt,
1076 2547 1112 2602 ul

109 2626 260 2694 ‘Manilius
288 2637 415 2712 septem,
442 2635 555 2695 Brutus
579 2627 658 2695 tres'
680 2635 809 2712 legatur.
855 2634 892 2692 of.
914 2653 943 2708 p.
964 2635 1014 2692 26.
1061 2632 1113 2691 sed

109 2741 151 2782 res
173 2724 223 2783 vel
246 2723 291 2782 ila
314 2723 456 2800 explicari
478 2727 587 2801 potest,
611 2726 647 2782 ui
665 2722 755 2782 Bruti
777 2721 862 2782 libris
883 2721 943 2780 iam
963 2719 1113 2780 Ciceronis

109 2815 201 2872 222222
226 2812 344 2889 spurios
367 2813 484 2873 additos
507 2813 600 2873 fuisse
624 2814 806 2887 statuamus,
834 2829 909 2887 quos
932 2810 1112 2886 Pomponius

108 2901 152 2959 vel
172 2903 278 2961 auctor
297 2902 361 2980 eius
380 2921 398 2961 a
413 2901 553 2988 ¹genuinis
571 2920 632 2962 non
650 2900 823 2960 seiunxeril.
864 2899 1001 2978 Krueger
1019 2919 1046 2976 p.
1062 2901 1112 2960 55.
