2602 3912
116 898 146 996 1
189 896 378 998 curui
410 895 646 995 siacum
677 815 832 994 ruiis
814 892 1125 995 consumi

118 1083 141 1130 1.
163 1075 268 1146 Appius
289 1073 420 1128 Claudius
439 1071 611 1129 Caecus-
634 1081 658 1128 2.
678 1073 726 1129 Cn.
745 1073 917 1130 Flavius.-
912 1065 968 1139 „3
982 1073 1010 1130 O
1031 1074 1124 1144 Scipio

116 1147 282 1201 Nasica.—
302 1153 326 1201 4.
342 1146 372 1200 P.
389 1146 566 1215 Sempronius
586 1146 756 1214 Sophus—
724 1151 800 1199 -.5
816 1145 858 1200 Ti
874 1117 980 1221 Uotieno
967 1145 1123 1202 canius.—

436 1222 458 1269 6.
478 1215 616 1285 Anonymi
632 1233 805 1286 responsum.

269 1396 308 1476 1.
343 1401 454 1472 nem
437 1399 512 1472 rus
541 1399 770 1472 cosumus
799 1399 978 1472 caucos
1013 1361 1128 1516 *2252

205 1545 308 1586 censor
331 1520 481 1605 scafam,
505 1545 562 1586 cos.
582 1519 731 1604 447s307,
755 1544 811 1584 cos.
831 1525 871 1584 II.
891 1519 1039 1586 458l296.

206 1643 387 1718 Pomponius
411 1639 430 1716 ξ
451 1644 491 1702 36
522 1635 648 1717 ‘Appius
673 1639 816 1700 Claudius
843 1659 920 1698 unus
948 1661 983 1700 ex
1011 1642 1122 1700 decem-

115 1731 218 1792 viris.
235 1731 402 1806 ..Appius
450 1729 592 1790 Claudius
633 1728 766 1790 eiusdem
806 1729 923 1806 generis
964 1731 1123 1788 maximam

116 1820 271 1879 scientiam
294 1813 421 1879 habuit?
467 1819 531 1879 Liu.
554 1821 604 1894 10,
624 1821 664 1878 22
690 1813 838 1876 sollers
830 1811 924 1876 ruris?

205 1909 428 1984 Pomponiusl
451 1909 524 1968 1...
539 1901 661 1967 .hunc
689 1907 780 1966 etium
809 1905 941 1966 actiones
969 1905 1123 1981 scripsisse

116 1998 263 2056 traditum
296 2001 341 2056 est
372 1997 502 2072 primum
535 1997 572 2056 de
604 2001 730 2070 usurpat
718 1995 849 2056 tionibus
880 1995 930 2072 qui
960 1995 1036 2054 liber
1063 2014 1121 2054 nou

116 2080 235 2146 exstat?
275 2085 448 2146 Orationem
472 2088 642 2160 corruptam
661 2085 825 2144 Mommsen
844 2084 1012 2144 emendavit
1030 2085 1121 2144 verbo

117 2168 280 2234 ‘actiones'
322 2175 420 2234 deleto
463 2175 541 2251 quod
582 2173 703 2248 irrepsit
738 2192 774 2232 ex
815 2169 834 2246 ξ
870 2175 903 2232 7:
1038 2167 1121 2232 ‘cum

116 2263 233 2340 Appius
249 2261 392 2322 Claudius
410 2262 617 2339 proposuisset
635 2266 666 2320 et
684 2261 722 2319 ad
740 2263 867 2320 formam
884 2261 1049 2337 redegisset
1066 2263 1121 2320 has

116 2345 259 2411 actiones'
281 2395 310 2411 ..
348 2353 443 2411 oratio
462 2353 542 2410 certe
558 2351 720 2426 simplicior
733 2350 826 2423 fieret,
846 2349 872 2408 si
886 2369 953 2408 cnm
967 2349 1121 2409 Huschkio

115 2460 168 2515 pro
187 2435 340 2516 ‘primum'
358 2440 459 2516 potius
479 2433 612 2498 ‘librum'
631 2439 797 2516 legeremus
817 2441 847 2497 et
860 2437 1057 2513 Pomponium
1077 2439 1122 2498 ita

116 2530 177 2588 fere
197 2529 349 2605 scripsisse
369 2531 580 2588 coniceremus:
601 2522 691 2586 ‘hunc
706 2528 796 2586 etiam
811 2526 962 2602 scripsisse
976 2525 1120 2586 traditum

117 2621 161 2677 est
188 2618 299 2676 librum
322 2617 358 2677 de
380 2617 640 2694 usurpationibus,
669 2617 720 2692 qui
743 2615 820 2674 liber
842 2633 900 2674 non
924 2609 1042 2674 exstat?
1088 2620 1121 2673 at

117 2705 296 2782 Pomponius
319 2707 350 2766 id
373 2707 493 2765 videtur
516 2706 612 2764 dicere
636 2704 779 2779 uoluisse,
805 2703 938 2779 Appium
961 2701 1120 2762 Claudium

116 2795 246 2870 primum
273 2795 409 2871 proprius
437 2795 600 2853 sententias
628 2796 659 2851 et
686 2792 838 2868 opiniones
866 2791 975 2850 litteris
997 2793 1119 2851 manda·

115 2885 205 2960 visse,
234 2903 301 2943 cum
327 2903 424 2959 neque
447 2883 569 2942 Flavius
596 2900 691 2958 neque
716 2881 853 2956 Papirius
881 2875 933 2939 ‘de
958 2899 1011 2940 suo
1035 2881 1119 2958 quid·

115 2965 214 3049 quam'
240 2972 425 3032 adiecissent.
463 2973 499 3032 cf.
523 2971 720 3046 Pomponium
742 2967 783 3044 ἐξ
803 2973 831 3030 2.
852 2973 879 3029 7.

370 3131 419 3190 De
444 3130 743 3205 usurpationibus
766 3129 866 3189 iiber.

202 3247 283 3306 Num
320 3246 453 3306 extiterit
489 3245 607 3305 omnino
643 3245 731 3322 liber,
768 3245 830 3303 sine
867 3245 982 3304 ratione
1014 3245 1120 3302 idonea

114 3334 277 3396 dubitatur.
319 3335 401 3395 Ioers
419 3333 700 3394 Rechtswissensch.
717 3333 733 3392 I
751 3355 779 3408 p.
795 3335 845 3392 87.
883 3333 918 3391 de
943 3353 976 3392 eo
999 3335 1118 3392 tuntum

113 3422 244 3484 dubitari
266 3425 370 3501 possit,
393 3444 464 3483 num
487 3422 604 3498 Appius
627 3421 771 3480 Claudius
795 3422 865 3480 libri
888 3425 992 3480 auctor
1014 3419 1117 3478 fuerit:

113 3513 245 3572 mihine
269 3513 299 3570 io
323 3508 442 3590 quidem
466 3512 599 3571 dubium.
645 3509 916 3570 Teuffel-Schwabe
940 3507 959 3582 ξ)
980 3511 1029 3568 90.

873 3604 908 3659 1*
