2602 3912
439 211 463 260 1.
492 203 522 271 Q.
542 205 671 260 FABIUS
690 204 820 260 PICTOR
1093 206 1132 268 11

121 375 149 434 ct
176 370 213 434 dc
238 390 272 434 co
300 368 371 434 lccto
399 369 574 433 trinoctium
600 369 778 433 cmtirmam
805 388 868 432 am
893 369 1019 433 decubat
1039 391 1133 452 acque

120 460 157 522 iri
174 479 207 523 co
226 458 298 522 lccta
317 458 427 523 mbarc
444 457 509 541 [ac]
529 457 628 521 aliam
644 458 697 539 fas
715 461 760 520 cst
776 478 872 538 acam
889 459 975 538 apud
1049 461 1135 540 apmd

120 549 187 612 cias
215 547 283 612 lccti
307 547 443 628 fabrum
469 546 628 628 capsulam
655 565 718 610 csse
744 566 813 609 mm
839 551 922 610 strae
946 551 1035 628 atquc
1054 549 1133 630 forto

120 641 241 718 oportet.
272 637 424 718 amariam
437 635 546 700 Dialis
564 641 593 699 ct
609 634 715 716 capilli
728 635 867 716 scpmirm
880 635 981 698 subter
994 636 1133 701 arborem

117 725 252 808 felicem
271 729 355 790 terra
372 726 558 808 operiantur.
593 723 703 787 Dialis
721 724 827 787 cotidie
838 724 971 804 feriatas
984 729 1035 788 cst.
1066 726 1134 790 eine

119 815 208 896 apice
224 813 280 877 sab
299 815 372 878 clim
389 833 452 878 ceso
470 813 588 877 licitam
605 833 669 876 aaa
682 810 748 877 cst¹
829 813 973 894 farinam
984 814 1133 895 fcrmcato

120 903 263 967 imbutam
290 903 446 984 mamere
472 903 501 966 ci
524 903 578 984 fas
604 922 667 965 aaa
692 907 742 967 cst.
789 902 894 965 taaioa
917 903 1041 980 iatima,
1069 903 1133 966 aiei

119 991 156 1055 ia
188 991 262 1055 locis
295 992 388 1069 tcctis,
425 1011 487 1054 am
521 991 606 1054 cauit
634 1010 679 1068 sc,
714 1011 753 1054 ac
783 991 838 1053 sm
871 989 952 1054 caclo
984 996 1133 1072 mmmm

118 1081 175 1144 aab
202 1079 297 1143 oculis
320 1079 408 1143 Ioais
430 1081 532 1144 nudas
554 1081 602 1142 sit,
647 1099 739 1160 sapor
760 1079 920 1159 flaminem
943 1078 1070 1144 Dialem
1097 1082 1133 1144 ia

118 1169 276 1246 conuiuio,
313 1169 378 1233 arbi
413 1189 469 1232 rec
503 1167 707 1250 sacrificalia,
743 1168 821 1231 lamt
854 1168 1018 1249 qaisquam
1050 1168 1133 1232 alias

118 1257 278 1322 accumbit.
323 1277 450 1321 aamcm
475 1258 505 1320 ai
531 1257 650 1334 amisit,
682 1257 830 1338 stomoma
857 1257 977 1321 dccciii.
1023 1259 1132 1320 matri-

119 1347 260 1411 mmiam
277 1345 419 1426 flaminis
441 1347 506 1410 misi
528 1351 623 1410 morta
645 1346 754 1408 dirimi
775 1346 826 1408 ias
848 1365 910 1409 aaa
933 1351 983 1409 cst.
1025 1345 1131 1424 locam,

119 1437 154 1499 ia
175 1455 235 1516 qao
254 1435 375 1498 basiam
393 1439 443 1513 cst,
467 1455 637 1515 numquam
655 1435 834 1515 iaprcolitur.
871 1438 1025 1498 mmlrram
1043 1455 1132 1498 aam-

121 1545 216 1606 qaam
240 1524 381 1605 aalma·
402 1525 500 1604 famas
523 1528 625 1587 tamm
648 1523 770 1602 caecam
791 1542 854 1586 aaa
876 1528 920 1586 cst
940 1522 1055 1605 rclipio,

208 1611 349 1676 Eaedem
372 1610 471 1674 ferme
495 1611 704 1674 caerimoniae
727 1612 802 1673 sunt
825 1610 1002 1674 flaminicae
1021 1611 1132 1674 Dialis.

120 1701 243 1784 <aliae>
258 1721 402 1764 seorsum
419 1701 508 1763 aiunt
523 1700 728 1783 obseruitare,
746 1698 847 1761 ueluti
862 1703 920 1782 est,
939 1699 1024 1780 quod
1038 1721 1132 1762 uene-

119 1794 195 1854 nato
220 1789 365 1872 operitur
385 1793 417 1853 et
436 1788 522 1872 quod
540 1789 574 1851 in
592 1789 658 1852 rica
677 1787 839 1851 surculum
858 1786 896 1850 de
915 1786 1028 1850 arbore
1047 1787 1132 1850 felici

119 1876 217 1942 habet
241 1881 273 1942 et
296 1878 382 1961 quod
405 1877 513 1960 scalae,
537 1877 643 1960 <nisi>
662 1898 742 1959 quae
762 1874 900 1940 Graecae
921 1875 1130 1960 appellantur,

121 1967 288 2031 escendere
312 1967 341 2030 ei
363 1966 437 2050 plus
460 1966 565 2030 tribus
588 1965 740 2051 gradibus
763 1964 950 2050 religiosum
969 1968 1017 2028 est
1036 1969 1131 2047 atque

121 2057 231 2140 etiam,
264 2078 336 2119 eum
364 2055 390 2118 it
422 2055 462 2118 ad
489 2053 627 2140 Arge0S‚
660 2053 746 2138 quod
776 2075 880 2137 neque
910 2054 1008 2118 comit
1036 2058 1131 2138 caput

120 2166 222 2228 neque
246 2143 398 2228 capillum
422 2144 568 2226 depectit.

208 2235 239 2298 4.
263 2232 403 2296 Maerob.
419 2231 483 2296 Sat.
499 2233 528 2316 3,
544 2234 562 2294 2
582 2233 645 2312 §3
664 2269 709 2276 -
728 2282 733 2294 .
750 2282 778 2295 ..
802 2232 885 2295 sicut
908 2230 1067 2295 Veranius
1092 2253 1130 2295 ex

119 2323 224 2406 primo
247 2321 332 2384 libre
350 2321 488 2385 Pictoris
506 2321 552 2384 ita
575 2321 831 2384 dissertationem
852 2320 947 2384 huius
971 2321 1061 2384 verbi
1081 2310 1131 2383 eui-

120 2414 247 2475 seeutus
265 2414 326 2473 est:
344 2415 415 2474 cata
422 2411 624 2492 porricimmto,
639 2411 688 2473 clis
702 2411 804 2494 clarata,
822 2411 858 2473 irc
873 2409 990 2473 altaria
1004 2431 1130 2474 aramue

118 2501 256 2582 sommae
278 2520 345 2563 cccc
366 2520 426 2580 qao
449 2504 519 2563 ecta
542 2499 615 2562 dari
636 2498 789 2562 debebant.

208 2589 239 2652 b.
262 2587 402 2652 Maerob.
419 2586 483 2652 Sat.
500 2589 529 2671 3,
544 2589 563 2648 2
584 2590 603 2667 ξ
620 2587 669 2649 11.
688 2624 732 2631 -
749 2608 825 2648 nam
845 2585 950 2669 primo
973 2585 1131 2669 pontificii

121 2677 197 2741 iuris
219 2675 305 2740 libro
329 2675 413 2760 apud
433 2675 594 2740 Pictorem
617 2674 678 2737 hoc
700 2675 842 2758 positum
866 2679 926 2738 est:
949 2674 1086 2739 citalari.

533 2866 642 2924 Liber
663 2865 717 2923 HI.

208 2979 237 3041 6.
261 2976 344 3042 Nan.
363 2999 393 3061 p.
408 2978 482 3042 518.
502 3013 543 3022 -—
562 2975 681 3039 Fabius
704 2974 814 3038 Pictor
832 2974 952 3039 Rerum
971 2975 1130 3039 Romana-

119 3089 188 3131 rum
212 3064 296 3130 lib.l
316 3118 322 3129 .
339 3116 344 3128 .
361 3118 366 3129 .
386 3066 469 3130 idem
492 3064 571 3128 iuris
594 3063 752 3148 pontificii
772 3064 828 3128 lib.
848 3064 956 3128 lertio:
981 3065 1130 3129 Pilumno

119 3161 148 3221 ct
168 3155 332 3220 Picamrco.

207 3258 314 3316 Eidem
336 3256 412 3316 libro
431 3257 572 3316 Huschke
593 3256 673 3315 Serv.
694 3256 732 3314 ad
752 3254 858 3333 Georg.
878 3259 905 3332 1,
922 3259 960 3313 21
982 3249 1075 3337 (infra
1095 3248 1129 3335 9)

120 3346 274 3422 attribuit,
299 3345 362 3404 sine
385 3345 492 3404 idonea
515 3345 632 3404 ratione
655 3364 721 3403 meo
745 3345 866 3420 quidem
888 3344 1007 3403 iudicio.

192 3513 205 3560 1
238 3506 323 3560 Omisi
348 3523 416 3575 quac
439 3507 655 3560 constitutionem
678 3524 696 3559 a
715 3505 892 3574 pontificibus
910 3509 1005 3571 postca
1027 3503 1128 3569 factam

120 3579 265 3633 secandam
285 3577 444 3632 Maamriam
463 3576 597 3631 Sabinam
614 3583 740 3630 marram.
