2588 3908
352 193 376 242 8.
404 186 557 242 SERVIUS
577 186 761 244 SULPICIUS
780 188 898 244 RUFUS
1068 189 1131 253 169

9 369 10 426 s
116 354 320 416 tenerentur.
364 351 544 434 respondit,
572 352 599 414 si
621 352 878 436 intellegeretur,
909 351 994 436 quod
1018 374 1131 417 monu-

118 443 271 504 mentum
303 441 525 504 demonstrare
557 440 712 504 voluisset
747 442 775 504 is
808 440 864 523 qui
899 443 1130 505 testamentum

119 527 264 612 fecisset,
287 529 419 606 tametsi
441 528 476 592 in
496 528 655 611 scriptura
675 528 826 592 mendum
846 533 939 610 esset,
962 535 1072 593 tamen
1091 532 1131 594 ad

119 618 168 700 id,
194 617 279 702 quod
302 616 357 680 ille
382 638 415 681 se
439 617 660 682 demonstrare
679 618 786 682 animo
806 617 969 702 sensisset,
992 619 1060 683 fieri
1079 619 1130 683 de·

8 749 9 752 =
119 707 213 791 bere3
246 705 298 769 sin
330 709 438 770 autem
466 706 617 770 voluntas
649 707 716 770 eius
746 706 961 791 ignoraretur,
994 729 1131 790 poenam

119 795 254 880 quidem
268 795 391 858 nullam
406 794 472 858 vim
487 795 616 879 habere,
630 795 780 879 quoniam
796 794 837 859 ad
851 796 936 878 quod
950 797 1131 880 exemplum

7 947 9 956 ,
118 885 194 949 fieri
212 883 370 964 iussisset,
389 883 422 947 id
440 905 599 968 nusquam
614 888 746 962 extaret,
765 889 1007 948 monumentum
1021 890 1131 950 temen

119 971 309 1038 omnimodo
342 971 517 1037 secundum
551 973 767 1038 substantiam
801 978 834 1037 et
861 973 1053 1057 dignitatem
1081 975 1132 1038 de-

117 1061 226 1127 functi
248 1065 413 1125 exstruere
436 1061 561 1126 debere.

211 1173 379 1251 „Iustinian
393 1173 485 1232 denkt
502 1173 552 1232 bei
571 1173 671 1232 diesen
686 1171 812 1234 Worten
831 1167 1071 1252 (monumentum

120 1264 277 1322 exstruere
310 1256 431 1342 debere)
464 1262 621 1322 sicherlich
658 1283 695 1322 an
729 1263 979 1340 obrigkeitlichen
1012 1264 1131 1341 Zwang,

120 1351 246 1411 Servius
264 1371 322 1410 nur
339 1371 378 1410 an
397 1351 462 1410 eine
481 1351 614 1410 sittliche
632 1351 871 1429 Verpflichtung,
895 1356 979 1412 sonet
997 1355 1081 1412 hetto
1100 1372 1133 1411 er

120 1441 172 1500 die
204 1440 431 1518 Zwengsmittel
463 1440 601 1499 nemhalt
632 1441 781 1518 gemacht.
831 1441 887 1499 Die
915 1441 1133 1501 unlateinische

122 1528 337 1590 Construction
363 1529 425 1588 und
453 1529 500 1587 die
523 1515 718 1588 ihnlichkeit
742 1529 798 1587 mit
820 1529 888 1588 dem
911 1530 1050 1591 Schlusse
1073 1550 1132 1590 von

119 1619 158 1678 fr.
181 1621 199 1676 7
224 1618 260 1676 de
279 1637 345 1677 ann.
365 1619 423 1695 leg.
442 1619 553 1677 weisen
576 1636 665 1696 sogar
682 1619 738 1677 auf
753 1615 990 1694 Interpolation“
1009 1620 1133 1679 Pernice

121 1707 224 1766 Labeo
249 1706 295 1764 III
316 1727 345 1783 p.
365 1709 407 1765 46
431 1726 460 1765 n.
479 1710 508 1766 4.

215 1810 244 1872 7.
267 1806 305 1871 D.
321 1809 373 1890 34,
383 1808 413 1892 8,
423 1809 453 1874 2.
480 1808 617 1872 Alfenus
632 1807 738 1873 Varus
755 1807 839 1872 libro
855 1808 968 1892 quinto
983 1807 1132 1893 Digesto·

124 1920 197 1962 rum
230 1895 284 1986 (P.
307 1895 393 1983 21⁸).
449 1897 537 1974 Quae
573 1897 608 1960 in
645 1899 841 1961 testamento
875 1898 995 1982 scripta
1027 1901 1134 1961 essent

122 2007 228 2071 neque
261 1987 528 2068 intellegerentur
560 1985 636 2070 quid
669 1985 905 2072 significarent,
938 2009 975 2050 ee
1002 1986 1134 2070 perinde

123 2097 186 2140 csse
213 2097 251 2140 ac
279 2076 306 2138 si
337 2075 457 2160 scripta
484 2097 549 2140 non
578 2078 686 2140 essent
717 2074 855 2160 [reliqua
883 2078 990 2139 autem
1019 2097 1077 2159 per
1100 2097 1133 2138 se

122 2164 195 2248 ipsa
218 2164 351 2245 valent}

214 2276 415 2336 Tribonianus
428 2294 483 2351 pro
498 2268 586 2334 ‘esse’
602 2275 724 2351 scripsit
743 2269 850 2335 ‘sunt'x
873 2294 1050 2352 responsum
1064 2277 1134 2335 sub·

124 2383 190 2425 esse
214 2367 348 2442 apparet.
390 2364 427 2424 cf.
445 2365 481 2424 fr.
502 2366 531 2422 2.

214 2466 244 2531 8.
281 2464 345 2532 Oie.
374 2466 413 2530 ad
441 2465 517 2530 fam.
542 2467 574 2548 7,
598 2466 649 2530 21.
676 2501 714 2510 -
740 2462 852 2529 Cicero
876 2465 1027 2530 Trebatio
1057 2488 1081 2530 s.
1105 2467 1134 2530 d.

127 2553 201 2620 Silii
225 2576 357 2620 causam
380 2559 413 2619 te
437 2554 538 2620 docui.
579 2553 607 2618 is
630 2558 744 2636 postea
766 2552 830 2616 fuit
853 2553 937 2635 apud
961 2575 1020 2617 me.
1062 2576 1134 2618 cum

129 2645 158 2708 ei
182 2644 321 2708 dicerem
344 2644 407 2708 tibi
429 2643 532 2708 videri
552 2643 759 2726 sponsionem
777 2642 867 2704 illam
886 2662 946 2705 nos
965 2642 1034 2705 sine
1052 2645 1134 2726 peri-

126 2733 201 2798 culo
224 2732 330 2798 facere
353 2753 448 2816 posse
472 2732 513 2797 ‘si
536 2732 693 2796 bonorum
712 2729 875 2813 Turpiliae
898 2730 1135 2814 possessionem

127 2820 162 2898 Q.
188 2821 253 2886 Cae
278 2822 309 2887 io
337 2824 468 2905 praetor
496 2843 535 2886 ex
564 2820 668 2884 edicto
693 2840 751 2884 suo
775 2818 854 2882 mihi
877 2817 988 2903 dedit',
1015 2840 1135 2905 negare

127 2911 238 2976 aiebat
252 2844 401 2976 dervium
419 2911 545 2974 tabulas
560 2909 748 2974 testamenti
767 2929 836 2972 esse
856 2929 920 2989 eas,
943 2931 1022 2992 quas
1042 2911 1136 2973 insti-

125 3000 247 3066 tuisset
270 3000 307 3084 is,
335 3001 389 3084 qui
411 2999 586 3064 factionem
609 2998 799 3063 testamenti
821 3019 886 3062 non
910 2997 1061 3062 habuerit

214 3110 251 3169 cf.
271 3108 336 3169 Gai.
354 3109 409 3185 III,
426 3112 502 3168 114:
526 3105 564 3169 ‘si
587 3127 766 3187 quaeramus
789 3127 828 3168 an
850 3109 951 3170 valeat
972 3111 1134 3170 testamen·

124 3202 204 3275 tum,
231 3199 264 3258 in
289 3199 395 3275 primis
422 3198 577 3258 advertere
605 3199 745 3258 debemus
773 3217 813 3258 an
839 3197 865 3257 is
893 3197 943 3273 qui
969 3197 1000 3255 id
1023 3199 1135 3276 fecerit,

124 3287 268 3348 habuerit
290 3288 465 3346 testamenti
486 3282 665 3347 factionem'.
706 3287 865 3358 hereditas,
889 3286 925 3344 de
948 3304 1008 3362 que
1027 3287 1135 3364 agitur,

125 3396 150 3436 a.
176 3369 303 3456 710l44
336 3377 437 3436 deleta
464 3379 523 3450 est,
555 3395 626 3454 ergo
653 3393 828 3452 responsum
854 3392 914 3433 non
940 3374 1036 3432 multo
1064 3379 1135 3434 ante

125 3465 224 3527 Servii
250 3467 377 3525 mortem
406 3465 509 3524 datum
537 3474 591 3524 est.
635 3463 777 3548 Huschke
800 3463 837 3521 de
860 3481 950 3521 eausa
974 3461 1134 3524 Silaniane.

127 3557 227 3632 1824,
251 3554 384 3613 eiusdem
406 3553 464 3614 viri
488 3553 568 3614 docti
591 3553 716 3612 Studien
739 3551 791 3610 des
814 3550 848 3609 R.
862 3550 928 3610 R.I
950 3570 979 3624 p.
995 3552 1090 3627 21sq.
