2600 3908
172 189 236 253 140
272 189 320 245 VI.
345 188 479 244 OCTAVI
498 189 596 246 SAEO.
615 190 710 245 IURIS
731 190 902 246 CONSULT.
923 191 1047 247 saulae
1066 195 1185 250 PRIMA

170 358 347 433 complures,
371 359 422 417 sed
445 359 623 434 praecipuae
647 360 837 418 auctoritatis
860 363 989 437 quatuor
1012 364 1185 423 nominatos

169 447 263 505 fuisse
286 447 403 524 dixerit,
428 445 447 522 ἓ
467 450 509 506 43
533 449 606 507 haec
629 448 725 506 addit:
750 443 882 508 ‘Servius
906 493 935 508 ..
959 469 1080 525 operam
1100 451 1184 511 dedit

92 550 93 553 ’
170 537 230 594 iuri
249 535 332 595 civili
350 540 381 595 et
398 537 562 612 plurimum
581 556 631 596 eos
648 538 684 595 de
699 537 807 614 quibus
822 538 917 597 locuti
931 557 1044 613 sumus,
1063 535 1183 600 audiit'.

169 645 266 700 neque
307 627 535 702 grammaticam
571 645 666 702 neque
704 626 892 685 dialecticam
926 629 1072 706 neglexit,
1114 648 1182 688 cum

168 715 208 773 Μ.
223 713 358 772 Varrone
378 715 550 773 litterarum
568 715 745 773 commercio
766 717 951 776 coniunctus.
988 717 1023 775 de
1043 719 1184 794 epistula,

71 819 72 822 ’
172 822 261 880 quam
289 802 387 862 Varro
420 805 457 862 ad
487 803 624 862 Servium
652 803 785 879 scripsit,
819 804 933 864 Gellius
958 808 1054 881 2,10
1081 809 1185 881 refert,

169 893 253 950 onius
276 894 370 951 verba
393 892 607 950 transscribere
631 912 648 950 a
672 911 704 950 re
727 911 787 950 non
810 895 942 953 alienum
965 895 1094 955 videtur.

259 975 394 1040 ‘Servius
414 979 575 1057 Sulpicius,
598 981 673 1040 iuris
692 981 787 1041 civilis
806 986 919 1060 auctor,
943 984 989 1042 vir
1008 985 1082 1042 bene
1101 985 1184 1044 litte·

169 1072 253 1128 ratus
279 1069 400 1144 scripsit
428 1069 465 1128 ad
488 1070 528 1128 M.
547 1071 712 1129 Varronem
731 1071 918 1149 rogavitque,
941 1075 977 1130 ut
995 1073 1184 1152 rescriberet,

170 1158 243 1234 quid
262 1158 445 1236 significaret
463 1159 597 1232 verbum,
622 1159 702 1236 quod
720 1159 750 1216 in
770 1161 912 1218 censoriis
930 1161 1016 1220 libris
1036 1163 1185 1238 scriptum

170 1251 255 1306 esset.
302 1249 333 1305 id
361 1250 427 1306 erat
452 1247 576 1308 verbum
603 1249 732 1307 »favisae
756 1247 968 1324 Capitolinae«.
1015 1250 1112 1310 Varro
1136 1271 1183 1310 re·

171 1335 304 1412 scripsit,
331 1337 362 1393 in
391 1336 534 1395 memoria
560 1337 617 1396 sibi
640 1355 718 1412 esse,
746 1338 826 1413 quod
850 1337 883 1407 Q.
908 1337 1035 1398 Catulus
1058 1345 1184 1400 curator
1290 1387 1292 1414 ÷

169 1425 348 1484 restituendi
372 1423 514 1500 Capitolii
536 1425 675 1502 dixisset,
702 1427 834 1486 voluisse
857 1447 889 1486 se
912 1446 1012 1486 aream
1037 1427 1183 1504 Capitoli-

169 1533 240 1572 nam
263 1513 442 1590 deprimere,
470 1518 506 1573 ut
533 1516 670 1590 pluribus
696 1516 841 1591 gradibus
864 1517 895 1574 in
919 1517 1022 1575 aedem
1046 1537 1184 1576 conscen-

171 1602 293 1661 deretur
311 1607 533 1681 suggestusque
551 1624 607 1680 pro
625 1604 741 1681 fastigii
760 1605 966 1682 magnitudine
982 1605 1071 1664 altior
1085 1607 1181 1685 fieret,

170 1692 223 1750 sed
250 1693 348 1750 facere
376 1691 408 1750 id
434 1711 494 1752 non
521 1694 635 1770 quisse,
666 1693 807 1768 quoniam
835 1695 947 1753 favisae
975 1695 1180 1770 impedissent.

169 1781 200 1839 id
220 1799 284 1840 esse
304 1783 395 1841 cellas
410 1781 555 1858 quasdam
575 1786 605 1840 et
624 1783 778 1856 cisternas,
798 1801 874 1859 quae
889 1785 921 1841 in
935 1802 1006 1842 area
1025 1783 1080 1842 sub
1100 1791 1184 1843 terra

171 1874 278 1946 essent,
297 1871 348 1929 ubi
366 1870 472 1945 reponi
491 1871 621 1934 solerent
641 1871 727 1946 signa
741 1874 853 1949 vetera,
872 1890 948 1947 quae
969 1891 1005 1930 ex
1020 1891 1053 1932 eo
1068 1875 1182 1950 templo

170 1959 303 2034 collapsa
326 1963 427 2017 essent
455 1961 486 2016 et
514 1959 575 2016 alia
597 1957 744 2034 quaedam
767 1961 909 2034 religiosa
933 1979 948 2020 e
973 1961 1058 2020 donis
1082 1981 1183 2022 eonse-

170 2049 274 2105 cratis:
295 2066 329 2104 ac
344 2045 449 2104 deinde
465 2047 569 2105 eadem
583 2047 714 2123 epistula
727 2052 821 2124 negat
834 2049 964 2126 quidem,
979 2069 1010 2108 se
1025 2051 1056 2108 in
1071 2051 1182 2110 litteris

170 2136 331 2212 invenisse,
356 2154 409 2192 cur
431 2135 545 2194 favisae
568 2136 665 2194 dictae
690 2137 762 2207 sint,
786 2138 837 2195 sed
862 2137 894 2208 Q.
914 2139 1070 2198 Valerium
1093 2139 1182 2199 Sora·

169 2243 241 2280 num
270 2224 394 2281 solitum
421 2223 518 2282 dicere
548 2225 603 2300 ait,
633 2244 707 2302 quos
735 2228 893 2287 thesauros
920 2227 1033 2286 Graeco
1062 2230 1182 2288 nomine

171 2311 390 2387 appellaremus
413 2313 525 2386 priscos
544 2313 669 2373 Latinos
692 2315 812 2374 flavisas
836 2316 954 2390 dixisse,
979 2317 1059 2393 quod
1081 2319 1182 2377 ineas

170 2419 229 2459 non
252 2401 326 2459 rude
350 2420 401 2460 aes
425 2407 656 2480 argentumque,
685 2403 736 2462 sed
759 2405 832 2462 flata
855 2405 1032 2481 signataque
1055 2409 1183 2481 pecunia

170 2489 356 2548 conderetur.
402 2492 569 2551 coniectare
598 2492 693 2569 igitur
722 2512 767 2564 se,
796 2492 965 2553 detractum
993 2513 1056 2554 esse
1086 2515 1122 2554 ex
1147 2515 1180 2554 eo

169 2580 260 2638 verbo
285 2579 446 2638 secundam
469 2581 604 2639 litteram
633 2584 663 2640 et
689 2581 800 2640 favisas
829 2601 893 2641 esse
922 2583 1012 2642 cellas
1037 2585 1182 2660 quasdam

170 2671 201 2726 et
229 2687 346 2742 specus,
380 2670 487 2747 quibus
516 2671 629 2728 aeditui
661 2669 803 2746 Capitolii
831 2675 988 2730 uterentur
1017 2673 1055 2730 ad
1083 2677 1181 2732 custo·

171 2757 292 2816 diendas
316 2777 364 2817 res
387 2762 504 2818 veteres
527 2754 704 2837 religiosas'
729 2791 770 2800 —

260 2847 397 2905 Servium
421 2848 618 2922 respondendi
641 2867 764 2907 munere
788 2868 903 2908 summo
927 2850 1025 2909 officio
1045 2851 1181 2909 functum

169 2951 234 2992 esse
249 2933 352 2993 Cicero
371 2936 478 3010 tradit3
498 2956 567 2993 nam
585 2937 617 2993 in
636 2937 772 2996 oratione
789 2957 842 3012 pro
857 2939 983 2997 Murena
997 2933 1038 3017 (a.
1055 2933 1179 3018 691l93

172 3022 275 3080 habita
300 3025 329 3099 4,
349 3015 383 3103 9)
412 3025 484 3082 haec
512 3026 565 3082 ait:
600 3018 640 3084 ἵ.
664 3025 720 3084 tibi
742 3044 862 3085 necesse
884 3032 987 3104 putas,
1016 3028 1108 3086 etiam
1131 3029 1181 3087 ad-

172 3112 312 3170 versariis
336 3113 499 3170 amicorum
522 3119 644 3171 tuorum
668 3115 703 3171 de
726 3114 791 3173 iure
814 3117 1036 3175 consulentibus
1059 3135 1180 3192 respon-

170 3195 265 3258 dere'.
317 3204 344 3278 9,
371 3204 411 3261 19
447 3195 584 3260 ‘Servius
618 3203 664 3260 hic
692 3249 725 3264 ..
753 3205 829 3262 hanc
861 3206 1008 3264 urbanam
1041 3206 1180 3266 militiam

169 3289 369 3366 respondendi
392 3291 541 3349 scribendi
559 3291 683 3349 cavendi
701 3293 820 3367 plenam
842 3294 1052 3354 sollicitudinis
1072 3299 1102 3354 et
1120 3299 1180 3355 sto·

111 3383 113 3390 ’
169 3379 269 3438 machi
296 3385 416 3438 secutus
445 3384 502 3440 est:
535 3380 582 3439 ius
611 3381 698 3439 civile
728 3382 844 3459 didicit,
876 3385 1006 3442 multum
1033 3384 1180 3462 vigilavit,

168 3467 332 3544 laboravit,
360 3470 463 3528 multis
491 3473 611 3544 praesto
639 3471 710 3546 fuit,
739 3473 903 3531 multorum
931 3473 1094 3532 stultitiam
1116 3493 1181 3550 per-

167 3575 276 3632 pessus
300 3561 368 3652 est,
390 3558 594 3638 arrogantiam
617 3560 758 3638 pertulit,
787 3560 995 3620 difficultatem
1020 3563 1180 3637 exsorbuit,
