2608 3910
169 187 237 252 420
265 187 340 244 VIII.
356 186 489 244 OCTAVI
503 187 602 243 SAEC.
613 187 710 243 IURIS
726 187 1035 246 consummas
1050 187 1195 243 TERTIA

168 369 254 416 anno
272 356 300 416 et
316 371 369 416 sec
382 349 605 438 mensibus&
618 351 793 416 transactis
806 354 931 436 pereat:
950 350 1126 416 Trebatius
1142 351 1195 415 ait

170 440 209 504 de
234 440 307 505 dolo
331 440 471 504 dandum
494 440 662 524 iudicium,
686 462 752 504 non
775 445 812 505 ut
836 440 971 505 arbItrio
994 440 1110 504 iudicis
1135 461 1193 504 res

167 529 371 612 restituatur,
400 529 456 593 sed
482 533 520 592 ut
547 533 677 593 tantum
701 534 791 594 actor
814 532 1042 613 consequatur,
1070 530 1193 612 quanti

168 618 236 682 cius
264 617 449 682 interfuerit
471 618 505 682 id
527 639 593 682 non
617 639 687 682 esse
715 618 853 702 factum,
881 640 924 682 ne
951 617 1046 682 aliier
1077 618 1194 682 obser·

167 706 319 772 vantibus
342 707 394 770 lex
417 706 707 772 circumscribatur.

438 881 485 940 De
503 883 600 954 pactis
623 884 649 939 et
672 883 910 940 conventionibus.

256 990 308 1055 53.
340 989 379 1054 D.
403 990 639 1074 2,14,10,2.
685 990 845 1075 Ulpianus
877 990 959 1055 libro
993 993 1109 1075 quarto
1145 991 1188 1054 ad

167 1078 307 1143 edictum
330 1076 378 1165 (P.
398 1075 487 1166 251).
609 1079 638 1142 si
665 1085 855 1163 procurator
877 1101 968 1144 meus
991 1079 1191 1164 paciscatur,

169 1168 315 1251 exceptio
343 1167 409 1232 doli
432 1168 513 1232 mihi
536 1168 695 1251 proderit,
717 1171 754 1231 ut
776 1167 927 1233 Trebatio
956 1167 1096 1252 videtur,
1129 1171 1188 1253 qui

167 1261 276 1341 putat,
303 1256 398 1320 sicuti
424 1261 556 1341 pactum
584 1257 803 1340 procuratoris
832 1257 913 1322 mihi
939 1261 1047 1340 nocet,
1074 1255 1123 1322 ita
1154 1262 1188 1323 et

166 1345 328 1430 prOdesse·
513 1439 561 1498 Dc
584 1441 693 1499 arbitro
715 1443 833 1514 recepte.

255 1548 309 1614 54.
340 1548 379 1614 D.
398 1549 475 1614 ibid.
494 1551 559 1629 §Z
606 1547 767 1614 Solutioni
795 1549 880 1613 diem
902 1569 998 1632 posse
1023 1549 1186 1614 arbitrum

168 1640 311 1702 statuere
334 1641 429 1722 puto:
452 1643 485 1702 et
508 1639 556 1703 ita
580 1642 613 1703 et
635 1638 804 1702 Trebatius
828 1637 954 1702 videtur
977 1639 1107 1703 sentire.

405 1856 458 1916 IV.
490 1857 544 1916 Ad
568 1857 726 1916 edictum
748 1856 939 1933 praetoria.

256 1981 431 2058 Trebatium
457 2000 517 2041 non
546 1981 633 2041 modo
662 1982 698 2040 de
726 1981 790 2040 iure
818 1980 911 2055 cirili,
945 1980 996 2040 sed
1024 1980 1115 2039 etiam
1143 1981 1182 2039 ad

166 2070 315 2143 praetoris
353 2071 486 2129 edictum
517 2070 609 2129 libros
642 2070 842 2146 composuisse
874 2068 963 2128 Pauli
994 2072 1025 2127 et
1055 2067 1181 2144 Ulpiani

165 2158 237 2216 libri
270 2158 411 2216 videntur
439 2160 644 2217 demonstrare
672 2159 711 2216 ad
738 2157 817 2217 idem
844 2157 975 2216 edictum
1003 2157 1120 2234 scripti,
1148 2159 1181 2216 in

166 2245 276 2322 quibus
300 2246 460 2306 Trebatius
488 2264 576 2323 saepe
606 2245 756 2306 laudatur.
803 2249 872 2306 sunt
897 2247 976 2306 enim
998 2245 1086 2305 Pauli
1108 2246 1180 2306 Iibri

164 2335 208 2393 XI
231 2326 283 2415 (D.
302 2337 332 2406 4,
347 2336 377 2410 3,
394 2337 443 2406 18,
458 2337 486 2394 3.
506 2328 557 2414 4),
580 2334 652 2394 XXI
676 2328 725 2416 (D.
747 2337 776 2410 6,
791 2339 820 2412 1,
835 2326 900 2416 33),
923 2335 1038 2393 XXXII
1062 2329 1181 2414 (D.17,

155 2425 195 2502 1,
211 2425 262 2497 20,
278 2417 345 2501 10),
368 2423 498 2482 XXXIII
517 2417 567 2503 (D.
585 2426 635 2499 19,
653 2427 680 2499 1,
697 2427 747 2501 21,
764 2416 808 2504 6),
830 2423 927 2483 XLIX
946 2419 996 2501 (D.
1016 2426 1067 2500 39,
1083 2425 1112 2500 3,
1128 2427 1179 2500 11,

165 2515 194 2573 5.
219 2505 262 2594 6),
285 2511 356 2571 LIV
379 2507 496 2592 (1141,
511 2515 540 2590 2,
556 2514 634 2590 3‚5;
658 2515 710 2590 41,
725 2514 755 2590 4,
773 2515 802 2589 2,
818 2509 860 2590 7),
883 2512 1040 2572 LXXVIII
1062 2503 1112 2593 (1).
1128 2515 1181 2592 39,

165 2605 194 2679 2,
214 2597 286 2682 25),
309 2601 432 2678 Ulpiani
454 2602 525 2661 Iibri
547 2601 592 2661 IV
615 2594 665 2682 (D.
687 2604 716 2678 2,
737 2603 787 2679 14,
808 2604 858 2676 10,
874 2599 922 2679 2),
944 2601 988 2659 IX
1011 2593 1061 2682 (D.
1078 2602 1134 2677 41,
1151 2605 1177 2674 1,

163 2682 231 2772 41),
254 2691 329 2750 XIII
353 2683 406 2772 (D.
421 2692 451 2767 4,
466 2695 494 2763 8,
516 2693 567 2768 21,
584 2693 612 2749 1.
632 2683 676 2770 2),
698 2689 769 2748 XIX
788 2685 838 2768 (D.
856 2691 906 2764 10,
921 2692 950 2764 3,
966 2693 994 2767 6,
1011 2682 1054 2769 6),
1076 2689 1179 2750 XXIII

164 2777 212 2855 (D.
228 2783 257 2857 9,
273 2783 302 2856 3,
318 2781 346 2854 5,
363 2773 410 2855 1),
433 2777 517 2839 XXV
540 2771 592 2862 (D.
613 2781 664 2854 11,
686 2782 713 2856 7,
730 2771 862 2858 14,11),
885 2778 984 2853 XXXI
1008 2771 1056 2856 (D.
1079 2781 1129 2856 16,
1149 2781 1178 2857 3,

165 2871 193 2944 1,
209 2862 277 2947 41),
295 2868 410 2928 XXXII
424 2860 476 2948 (D.
492 2871 542 2940 19,
559 2873 587 2944 1,
604 2870 654 2944 13,
670 2869 726 2945 22;
747 2869 797 2941 19,
815 2872 842 2940 1,
859 2871 909 2943 17,
920 2864 964 2947 2),
978 2867 1051 2926 LIII
1066 2861 1116 2944 (D.
1127 2870 1178 2944 39,

164 2959 193 3032 2,
210 2959 288 3031 9,1;
313 2958 364 3029 39,
380 2959 409 3028 3,
425 2959 453 3031 1,
470 2952 513 3034 3),
531 2957 617 3015 LVII
636 2956 684 3032 (D.
699 2958 752 3031 47,
770 2949 943 3034 10,17,2),
961 2955 1042 3014 LXX
1062 2951 1111 3034 (D.
1127 2959 1176 3032 34,

164 3035 365 3207 20,1,)18),
393 3043 490 3104 LXXI
513 3036 564 3126 (D.
585 3046 642 3123 43,
662 3047 719 3123 24,
740 3048 768 3119 1,
790 3035 832 3126 7),
854 3044 979 3103 LXXXI
1002 3037 1052 3126 (D.
1073 3047 1126 3119 39,
1148 3048 1177 3120 2,

163 3135 219 3211 24,
240 3136 304 3193 12.

579 3223 626 3282 De
649 3224 761 3283 cloaca.

254 3334 281 3397 1.
317 3332 356 3396 D.
375 3333 430 3415 43,
451 3333 509 3417 23,
527 3334 557 3398 2.
604 3331 780 3398 Venuleius
817 3331 901 3396 libro
939 3332 1044 3417 primo
1082 3331 1176 3396 inter·

162 3419 322 3484 dictorum
355 3420 405 3506 (P.
431 3418 495 3508 11).
548 3420 751 3505 Quamquam
783 3420 822 3485 de
854 3420 1026 3486 reficienda
1060 3421 1175 3506 clocca,

234 3559 249 3607 1
265 3557 380 3612 conaret
389 3555 481 3612 Lencl.
503 3559 538 3626 cf.
551 3558 617 3618 Gai.
628 3563 727 3628 4,105.
753 3559 829 3614 Trib.
844 3559 1019 3629 temporibus
1033 3559 1174 3631 legitimis.
