<?xml version="1.0" encoding="UTF-8"?>
<!DOCTYPE html PUBLIC "-//W3C//DTD XHTML 1.0 Transitional//EN"
    "http://www.w3.org/TR/xhtml1/DTD/xhtml1-transitional.dtd">
<html xmlns="http://www.w3.org/1999/xhtml" xml:lang="en" lang="en">
 <head>
  <title>
</title>
<meta http-equiv="Content-Type" content="text/html;charset=utf-8" />
  <meta name='ocr-system' content='tesseract 3.04.00' />
  <meta name='ocr-capabilities' content='ocr_page ocr_carea ocr_par ocr_line ocrx_word'/>
</head>
<body>
  <div class='ocr_page' id='page_1' title='image "./iurisprudentiae05bremgoog_0046.png"; bbox 0 0 2602 3912; ppageno 0'>
   <div class='ocr_carea' id='block_1_1' title="bbox 167 161 1277 228">
    <p class='ocr_par' dir='ltr' id='par_1_1' title="bbox 167 161 1277 228">
     <span class='ocr_line' id='line_1_1' title="bbox 167 161 1277 228; baseline -0.004 -8"><span class='ocrx_word' id='word_1_1' title='bbox 167 162 215 228; x_wconf 84' lang='lat'>34</span> <span class='ocrx_word' id='word_1_2' title='bbox 261 163 308 222; x_wconf 90' lang='lat'>111.</span> <span class='ocrx_word' id='word_1_3' title='bbox 333 161 480 218; x_wconf 85' lang='lat' dir='ltr'>SEPTIMI</span> <span class='ocrx_word' id='word_1_4' title='bbox 499 161 596 218; x_wconf 75' lang='lat' dir='ltr'>SAEC.</span> <span class='ocrx_word' id='word_1_5' title='bbox 616 162 711 218; x_wconf 84' lang='lat' dir='ltr'>IURIS</span> <span class='ocrx_word' id='word_1_6' title='bbox 730 161 901 218; x_wconf 80' lang='lat' dir='ltr'>CONSULT.</span> <span class='ocrx_word' id='word_1_7' title='bbox 920 161 1044 220; x_wconf 76' lang='lat' dir='ltr'>Sunius</span> <span class='ocrx_word' id='word_1_8' title='bbox 1062 164 1181 220; x_wconf 82' lang='lat' dir='ltr'><strong>PRIMA</strong></span> <span class='ocrx_word' id='word_1_9' title='bbox 1275 189 1277 192; x_wconf 95' lang='lat'>·</span> 
     </span>
    </p>
   </div>
   <div class='ocr_carea' id='block_1_2' title="bbox 170 325 1278 413">
    <p class='ocr_par' dir='ltr' id='par_1_2' title="bbox 170 325 1278 413">
     <span class='ocr_line' id='line_1_2' title="bbox 170 325 1278 413; baseline -0.001 -20"><span class='ocrx_word' id='word_1_10' title='bbox 170 327 385 412; x_wconf 76' lang='lat' dir='ltr'><strong>relinquatur:</strong></span> <span class='ocrx_word' id='word_1_11' title='bbox 423 347 520 410; x_wconf 86' lang='lat' dir='ltr'>supra</span> <span class='ocrx_word' id='word_1_12' title='bbox 552 325 717 410; x_wconf 84' lang='lat' dir='ltr'>dicebant,</span> <span class='ocrx_word' id='word_1_13' title='bbox 754 326 904 411; x_wconf 87' lang='lat' dir='ltr'>quioquid</span> <span class='ocrx_word' id='word_1_14' title='bbox 934 327 1087 413; x_wconf 78' lang='lat' dir='ltr'><strong>cepisset,</strong></span> <span class='ocrx_word' id='word_1_15' title='bbox 1126 328 1181 392; x_wconf 86' lang='lat' dir='ltr'>ad·</span> <span class='ocrx_word' id='word_1_16' title='bbox 1277 327 1278 332; x_wconf 70' lang='grc'>’</span> 
     </span>
    </p>
   </div>
   <div class='ocr_carea' id='block_1_3' title="bbox 171 414 771 502">
    <p class='ocr_par' dir='ltr' id='par_1_3' title="bbox 171 414 771 502">
     <span class='ocr_line' id='line_1_3' title="bbox 171 414 771 502; baseline -0.008 -19"><span class='ocrx_word' id='word_1_17' title='bbox 171 417 303 502; x_wconf 84' lang='lat' dir='ltr'>stringi:</span> <span class='ocrx_word' id='word_1_18' title='bbox 326 437 436 480; x_wconf 89' lang='lat' dir='ltr'>rursus</span> <span class='ocrx_word' id='word_1_19' title='bbox 460 414 559 479; x_wconf 84' lang='lat' dir='ltr'>sacris</span> <span class='ocrx_word' id='word_1_20' title='bbox 582 414 771 479; x_wconf 79' lang='lat' dir='ltr'>liberantur.</span> 
     </span>
    </p>
   </div>
   <div class='ocr_carea' id='block_1_4' title="bbox 170 501 1279 856">
    <p class='ocr_par' dir='ltr' id='par_1_4' title="bbox 170 501 1279 856">
     <span class='ocr_line' id='line_1_4' title="bbox 261 501 1278 590; baseline 0 -20"><span class='ocrx_word' id='word_1_21' title='bbox 261 501 310 570; x_wconf 69' lang='lat' dir='ltr'>8b.</span> <span class='ocrx_word' id='word_1_22' title='bbox 344 502 455 570; x_wconf 79' lang='lat' dir='ltr'>Cicero</span> <span class='ocrx_word' id='word_1_23' title='bbox 478 503 516 568; x_wconf 93' lang='lat' dir='ltr'>de</span> <span class='ocrx_word' id='word_1_24' title='bbox 540 503 601 588; x_wconf 84' lang='lat' dir='ltr'>leg.</span> <span class='ocrx_word' id='word_1_25' title='bbox 621 503 785 588; x_wconf 79' lang='lat'>2,20‚50.</span> <span class='ocrx_word' id='word_1_26' title='bbox 808 539 851 550; x_wconf 88' lang='lat'>-—</span> <span class='ocrx_word' id='word_1_27' title='bbox 875 508 972 590; x_wconf 90' lang='lat' dir='ltr'>atque</span> <span class='ocrx_word' id='word_1_28' title='bbox 996 504 1096 568; x_wconf 87' lang='lat' dir='ltr'>etiam</span> <span class='ocrx_word' id='word_1_29' title='bbox 1120 504 1182 570; x_wconf 87' lang='lat' dir='ltr'>hoe</span> <span class='ocrx_word' id='word_1_30' title='bbox 1277 573 1278 576; x_wconf 62' lang='grc'>,</span> 
     </span>
     <span class='ocr_line' id='line_1_5' title="bbox 171 592 1182 677; baseline -0.001 -17"><span class='ocrx_word' id='word_1_31' title='bbox 171 595 250 660; x_wconf 86' lang='lat' dir='ltr'>dant</span> <span class='ocrx_word' id='word_1_32' title='bbox 269 592 451 675; x_wconf 80' lang='lat' dir='ltr'>Scaevolae,</span> <span class='ocrx_word' id='word_1_33' title='bbox 474 614 571 677; x_wconf 88' lang='lat' dir='ltr'>quom</span> <span class='ocrx_word' id='word_1_34' title='bbox 592 596 641 656; x_wconf 90' lang='lat' dir='ltr'>est</span> <span class='ocrx_word' id='word_1_35' title='bbox 659 592 802 676; x_wconf 89' lang='lat' dir='ltr'>partitio,</span> <span class='ocrx_word' id='word_1_36' title='bbox 821 597 866 676; x_wconf 92' lang='lat' dir='ltr'>ut,</span> <span class='ocrx_word' id='word_1_37' title='bbox 885 593 965 658; x_wconf 88' lang='lat' dir='ltr'>siin</span> <span class='ocrx_word' id='word_1_38' title='bbox 984 595 1182 659; x_wconf 87' lang='lat' dir='ltr'>testamento</span> 
     </span>
     <span class='ocr_line' id='line_1_6' title="bbox 171 680 1279 766; baseline -0.002 -18"><span class='ocrx_word' id='word_1_39' title='bbox 171 683 307 748; x_wconf 83' lang='lat' dir='ltr'>deducta</span> <span class='ocrx_word' id='word_1_40' title='bbox 343 703 467 748; x_wconf 82' lang='lat' dir='ltr'>summa</span> <span class='ocrx_word' id='word_1_41' title='bbox 502 686 622 746; x_wconf 81' lang='lat' dir='ltr'>centum</span> <span class='ocrx_word' id='word_1_42' title='bbox 652 680 832 746; x_wconf 80' lang='lat' dir='ltr'>nummum²</span> <span class='ocrx_word' id='word_1_43' title='bbox 863 703 930 746; x_wconf 89' lang='lat' dir='ltr'>non</span> <span class='ocrx_word' id='word_1_44' title='bbox 963 683 1018 764; x_wconf 90' lang='lat' dir='ltr'>sit,</span> <span class='ocrx_word' id='word_1_45' title='bbox 1054 681 1183 766; x_wconf 83' lang='lat' dir='ltr'>ipsique</span> <span class='ocrx_word' id='word_1_46' title='bbox 1277 703 1279 738; x_wconf 61' lang='lat' dir='ltr'>i</span> 
     </span>
     <span class='ocr_line' id='line_1_7' title="bbox 170 769 1279 856; baseline -0.002 -18"><span class='ocrx_word' id='word_1_47' title='bbox 170 774 278 838; x_wconf 88' lang='lat' dir='ltr'>minus</span> <span class='ocrx_word' id='word_1_48' title='bbox 307 771 450 856; x_wconf 78' lang='lat' dir='ltr'>ceperint</span> <span class='ocrx_word' id='word_1_49' title='bbox 477 791 573 854; x_wconf 88' lang='lat' dir='ltr'>quam</span> <span class='ocrx_word' id='word_1_50' title='bbox 600 769 751 834; x_wconf 90' lang='lat' dir='ltr'>omnibus</span> <span class='ocrx_word' id='word_1_51' title='bbox 774 769 947 837; x_wconf 86' lang='lat' dir='ltr'>heredibus</span> <span class='ocrx_word' id='word_1_52' title='bbox 970 770 1184 854; x_wconf 89' lang='lat' dir='ltr'>relinquatur,</span> <span class='ocrx_word' id='word_1_53' title='bbox 1277 779 1279 782; x_wconf 82' lang='grc'><strong>’</strong></span> 
     </span>
    </p>
   </div>
   <div class='ocr_carea' id='block_1_5' title="bbox 171 858 1183 944">
    <p class='ocr_par' dir='ltr' id='par_1_5' title="bbox 171 858 1183 944">
     <span class='ocr_line' id='line_1_8' title="bbox 171 858 1183 944; baseline -0.004 -16"><span class='ocrx_word' id='word_1_54' title='bbox 171 863 272 928; x_wconf 84' lang='lat' dir='ltr'>sacris</span> <span class='ocrx_word' id='word_1_55' title='bbox 304 882 345 925; x_wconf 92' lang='lat' dir='ltr'>ne</span> <span class='ocrx_word' id='word_1_56' title='bbox 378 860 537 944; x_wconf 83' lang='lat' dir='ltr'>alligetur.</span> <span class='ocrx_word' id='word_1_57' title='bbox 592 858 626 922; x_wconf 92' lang='lat' dir='ltr'>in</span> <span class='ocrx_word' id='word_1_58' title='bbox 659 858 832 924; x_wconf 77' lang='lat' dir='ltr'>donatione</span> <span class='ocrx_word' id='word_1_59' title='bbox 864 859 927 924; x_wconf 88' lang='lat' dir='ltr'>hoo</span> <span class='ocrx_word' id='word_1_60' title='bbox 959 859 1057 924; x_wconf 88' lang='lat' dir='ltr'>iidem</span> <span class='ocrx_word' id='word_1_61' title='bbox 1090 880 1183 925; x_wconf 86' lang='lat' dir='ltr'>seous</span> 
     </span>
    </p>
   </div>
   <div class='ocr_carea' id='block_1_6' title="bbox 172 946 1279 1035">
    <p class='ocr_par' dir='ltr' id='par_1_6' title="bbox 172 946 1279 1035">
     <span class='ocr_line' id='line_1_9' title="bbox 172 946 1279 1035; baseline -0.004 -19"><span class='ocrx_word' id='word_1_62' title='bbox 172 951 440 1035; x_wconf 88' lang='lat' dir='ltr'>interpretantur:</span> <span class='ocrx_word' id='word_1_63' title='bbox 460 950 492 1010; x_wconf 90' lang='lat' dir='ltr'>et</span> <span class='ocrx_word' id='word_1_64' title='bbox 510 946 595 1030; x_wconf 92' lang='lat' dir='ltr'>quod</span> <span class='ocrx_word' id='word_1_65' title='bbox 613 946 842 1014; x_wconf 89' lang='lat' dir='ltr'>interfamilias</span> <span class='ocrx_word' id='word_1_66' title='bbox 861 947 895 1012; x_wconf 92' lang='lat' dir='ltr'>in</span> <span class='ocrx_word' id='word_1_67' title='bbox 914 948 982 1013; x_wconf 91' lang='lat' dir='ltr'>eius</span> <span class='ocrx_word' id='word_1_68' title='bbox 998 947 1184 1032; x_wconf 76' lang='lat' dir='ltr'>donatione,</span> <span class='ocrx_word' id='word_1_69' title='bbox 1278 975 1279 994; x_wconf 55' lang='lat'>¹</span> 
     </span>
    </p>
   </div>
   <div class='ocr_carea' id='block_1_7' title="bbox 171 1036 1280 2528">
    <p class='ocr_par' dir='ltr' id='par_1_7' title="bbox 171 1036 1280 1282">
     <span class='ocr_line' id='line_1_10' title="bbox 172 1036 1185 1125; baseline -0.002 -21"><span class='ocrx_word' id='word_1_70' title='bbox 172 1041 228 1125; x_wconf 92' lang='lat' dir='ltr'>qui</span> <span class='ocrx_word' id='word_1_71' title='bbox 260 1041 294 1103; x_wconf 92' lang='lat' dir='ltr'>in</span> <span class='ocrx_word' id='word_1_72' title='bbox 327 1037 395 1102; x_wconf 91' lang='lat' dir='ltr'>eius</span> <span class='ocrx_word' id='word_1_73' title='bbox 425 1038 587 1120; x_wconf 74' lang='lat' dir='ltr'>potestate</span> <span class='ocrx_word' id='word_1_74' title='bbox 616 1039 713 1120; x_wconf 85' lang='lat' dir='ltr'>esset,</span> <span class='ocrx_word' id='word_1_75' title='bbox 747 1036 954 1122; x_wconf 85' lang='lat' dir='ltr'>approbavit,</span> <span class='ocrx_word' id='word_1_76' title='bbox 985 1041 1092 1102; x_wconf 88' lang='lat' dir='ltr'>ratum</span> <span class='ocrx_word' id='word_1_77' title='bbox 1121 1042 1185 1122; x_wconf 79' lang='lat' dir='ltr'>est3</span> 
     </span>
     <span class='ocr_line' id='line_1_11' title="bbox 172 1123 1280 1212; baseline -0.004 -18"><span class='ocrx_word' id='word_1_78' title='bbox 172 1127 257 1212; x_wconf 92' lang='lat' dir='ltr'>quod</span> <span class='ocrx_word' id='word_1_79' title='bbox 286 1147 323 1191; x_wconf 92' lang='lat' dir='ltr'>eo</span> <span class='ocrx_word' id='word_1_80' title='bbox 347 1125 503 1190; x_wconf 80' lang='lat' dir='ltr'>insciente</span> <span class='ocrx_word' id='word_1_81' title='bbox 525 1123 649 1189; x_wconf 86' lang='lat' dir='ltr'>factum</span> <span class='ocrx_word' id='word_1_82' title='bbox 673 1128 736 1203; x_wconf 90' lang='lat' dir='ltr'>est,</span> <span class='ocrx_word' id='word_1_83' title='bbox 765 1126 792 1190; x_wconf 90' lang='lat' dir='ltr'>si</span> <span class='ocrx_word' id='word_1_84' title='bbox 815 1124 899 1190; x_wconf 86' lang='lat' dir='ltr'>isid</span> <span class='ocrx_word' id='word_1_85' title='bbox 922 1147 988 1192; x_wconf 90' lang='lat' dir='ltr'>non</span> <span class='ocrx_word' id='word_1_86' title='bbox 1012 1127 1184 1210; x_wconf 86' lang='lat' dir='ltr'>approbat,</span> <span class='ocrx_word' id='word_1_87' title='bbox 1279 1129 1280 1204; x_wconf 65' lang='grc' dir='ltr'>ᾗ</span> 
     </span>
     <span class='ocr_line' id='line_1_12' title="bbox 171 1217 1280 1282; baseline -0.012 0"><span class='ocrx_word' id='word_1_88' title='bbox 171 1221 278 1282; x_wconf 88' lang='lat' dir='ltr'>ratum</span> <span class='ocrx_word' id='word_1_89' title='bbox 301 1237 367 1280; x_wconf 89' lang='lat' dir='ltr'>non</span> <span class='ocrx_word' id='word_1_90' title='bbox 392 1217 449 1279; x_wconf 86' lang='lat' dir='ltr'>eet.</span> <span class='ocrx_word' id='word_1_91' title='bbox 1279 1227 1280 1280; x_wconf 49' lang='grc' dir='ltr'>ξ</span> 
     </span>
    </p>

    <p class='ocr_par' dir='ltr' id='par_1_8' title="bbox 171 1295 1280 1656">
     <span class='ocr_line' id='line_1_13' title="bbox 260 1295 1280 1387; baseline -0.003 -17"><span class='ocrx_word' id='word_1_92' title='bbox 260 1305 291 1370; x_wconf 88' lang='grc'>9.</span> <span class='ocrx_word' id='word_1_93' title='bbox 323 1301 363 1368; x_wconf 88' lang='grc' dir='ltr'>Ι).</span> <span class='ocrx_word' id='word_1_94' title='bbox 381 1302 435 1381; x_wconf 85' lang='grc'>50,</span> <span class='ocrx_word' id='word_1_95' title='bbox 450 1303 478 1386; x_wconf 77' lang='grc'>7,</span> <span class='ocrx_word' id='word_1_96' title='bbox 495 1302 535 1367; x_wconf 88' lang='grc'>18</span> <span class='ocrx_word' id='word_1_97' title='bbox 557 1301 755 1386; x_wconf 86' lang='lat' dir='ltr'>Pomponius</span> <span class='ocrx_word' id='word_1_98' title='bbox 783 1303 869 1367; x_wconf 92' lang='lat' dir='ltr'>libro</span> <span class='ocrx_word' id='word_1_99' title='bbox 896 1302 1087 1387; x_wconf 84' lang='lat' dir='ltr'>trigensimo</span> <span class='ocrx_word' id='word_1_100' title='bbox 1112 1323 1184 1387; x_wconf 87' lang='lat' dir='ltr'>sep·</span> <span class='ocrx_word' id='word_1_101' title='bbox 1279 1295 1280 1306; x_wconf 45' lang='lat'>¹</span> 
     </span>
     <span class='ocr_line' id='line_1_14' title="bbox 172 1387 1184 1478; baseline -0.004 -18"><span class='ocrx_word' id='word_1_102' title='bbox 172 1393 254 1460; x_wconf 90' lang='lat' dir='ltr'>timo</span> <span class='ocrx_word' id='word_1_103' title='bbox 279 1392 319 1459; x_wconf 90' lang='lat' dir='ltr'>ad</span> <span class='ocrx_word' id='word_1_104' title='bbox 344 1391 499 1468; x_wconf 82' lang='lat' dir='ltr'>Quintum</span> <span class='ocrx_word' id='word_1_105' title='bbox 517 1388 660 1456; x_wconf 81' lang='lat' dir='ltr'>Mucium</span> <span class='ocrx_word' id='word_1_106' title='bbox 680 1387 728 1478; x_wconf 85' lang='lat' dir='ltr'>(P.</span> <span class='ocrx_word' id='word_1_107' title='bbox 744 1388 832 1477; x_wconf 80' lang='lat'>320).</span> <span class='ocrx_word' id='word_1_108' title='bbox 855 1428 891 1437; x_wconf 91' lang='lat'><em>-</em></span> <span class='ocrx_word' id='word_1_109' title='bbox 914 1413 997 1474; x_wconf 90' lang='lat' dir='ltr'>eum,</span> <span class='ocrx_word' id='word_1_110' title='bbox 1019 1391 1075 1474; x_wconf 88' lang='lat' dir='ltr'>qui</span> <span class='ocrx_word' id='word_1_111' title='bbox 1095 1392 1184 1477; x_wconf 85' lang='lat' dir='ltr'>lega·</span> 
     </span>
     <span class='ocr_line' id='line_1_15' title="bbox 171 1478 1183 1569; baseline -0.004 -20"><span class='ocrx_word' id='word_1_112' title='bbox 171 1488 243 1549; x_wconf 91' lang='lat' dir='ltr'>tum</span> <span class='ocrx_word' id='word_1_113' title='bbox 265 1483 436 1569; x_wconf 88' lang='lat' dir='ltr'>pulsasset,</span> <span class='ocrx_word' id='word_1_114' title='bbox 460 1478 598 1556; x_wconf 81' lang='lat' dir='ltr'>Quintus</span> <span class='ocrx_word' id='word_1_115' title='bbox 616 1478 742 1546; x_wconf 84' lang='lat' dir='ltr'>Mucius</span> <span class='ocrx_word' id='word_1_116' title='bbox 766 1480 838 1548; x_wconf 88' lang='lat' dir='ltr'>dedi</span> <span class='ocrx_word' id='word_1_117' title='bbox 861 1479 1022 1566; x_wconf 87' lang='lat' dir='ltr'>hostibus,</span> <span class='ocrx_word' id='word_1_118' title='bbox 1046 1502 1183 1564; x_wconf 86' lang='lat' dir='ltr'>quorum</span> 
     </span>
     <span class='ocr_line' id='line_1_16' title="bbox 173 1569 842 1656; baseline -0.009 -17"><span class='ocrx_word' id='word_1_119' title='bbox 173 1574 266 1639; x_wconf 88' lang='lat' dir='ltr'>erant</span> <span class='ocrx_word' id='word_1_120' title='bbox 288 1569 403 1656; x_wconf 80' lang='lat' dir='ltr'>legati,</span> <span class='ocrx_word' id='word_1_121' title='bbox 427 1569 543 1634; x_wconf 89' lang='lat' dir='ltr'>solitus</span> <span class='ocrx_word' id='word_1_122' title='bbox 567 1573 618 1634; x_wconf 86' lang='lat' dir='ltr'>est</span> <span class='ocrx_word' id='word_1_123' title='bbox 639 1569 842 1652; x_wconf 84' lang='lat' dir='ltr'>respondere.</span> 
     </span>
    </p>

    <p class='ocr_par' dir='ltr' id='par_1_9' title="bbox 173 1657 1186 2528">
     <span class='ocr_line' id='line_1_17' title="bbox 262 1657 1184 1743; baseline -0.002 -18"><span class='ocrx_word' id='word_1_124' title='bbox 262 1658 363 1736; x_wconf 82' lang='lat' dir='ltr'>Quem</span> <span class='ocrx_word' id='word_1_125' title='bbox 390 1659 502 1724; x_wconf 90' lang='lat' dir='ltr'>hostes</span> <span class='ocrx_word' id='word_1_126' title='bbox 531 1658 559 1723; x_wconf 89' lang='lat' dir='ltr'>si</span> <span class='ocrx_word' id='word_1_127' title='bbox 586 1679 649 1722; x_wconf 92' lang='lat' dir='ltr'>non</span> <span class='ocrx_word' id='word_1_128' title='bbox 676 1658 886 1743; x_wconf 81' lang='lat' dir='ltr'>recepissent,</span> <span class='ocrx_word' id='word_1_129' title='bbox 914 1657 1096 1743; x_wconf 82' lang='lat' dir='ltr'>quaesitum</span> <span class='ocrx_word' id='word_1_130' title='bbox 1125 1662 1184 1742; x_wconf 89' lang='lat' dir='ltr'>est,</span> 
     </span>
     <span class='ocr_line' id='line_1_18' title="bbox 173 1746 1184 1828; baseline -0.006 -11"><span class='ocrx_word' id='word_1_131' title='bbox 173 1773 216 1817; x_wconf 85' lang='lat' dir='ltr'>an</span> <span class='ocrx_word' id='word_1_132' title='bbox 237 1750 317 1816; x_wconf 86' lang='lat' dir='ltr'>aivis</span> <span class='ocrx_word' id='word_1_133' title='bbox 338 1748 505 1813; x_wconf 86' lang='lat' dir='ltr'>Romanus</span> <span class='ocrx_word' id='word_1_134' title='bbox 527 1748 686 1810; x_wconf 87' lang='lat' dir='ltr'>maneret:</span> <span class='ocrx_word' id='word_1_135' title='bbox 709 1746 901 1828; x_wconf 86' lang='lat' dir='ltr'>quibusdam</span> <span class='ocrx_word' id='word_1_136' title='bbox 924 1747 1184 1811; x_wconf 84' lang='lat' dir='ltr'>existimantibus</span> 
     </span>
     <span class='ocr_line' id='line_1_19' title="bbox 174 1834 1185 1924; baseline -0.006 -18"><span class='ocrx_word' id='word_1_137' title='bbox 174 1861 314 1924; x_wconf 89' lang='lat' dir='ltr'>manere,</span> <span class='ocrx_word' id='word_1_138' title='bbox 333 1837 407 1902; x_wconf 86' lang='lat' dir='ltr'>aliie</span> <span class='ocrx_word' id='word_1_139' title='bbox 425 1839 548 1919; x_wconf 89' lang='lat' dir='ltr'>eontra,</span> <span class='ocrx_word' id='word_1_140' title='bbox 567 1834 642 1918; x_wconf 90' lang='lat' dir='ltr'>quia</span> <span class='ocrx_word' id='word_1_141' title='bbox 661 1854 755 1918; x_wconf 89' lang='lat' dir='ltr'>quem</span> <span class='ocrx_word' id='word_1_142' title='bbox 770 1836 868 1899; x_wconf 83' lang='lat' dir='ltr'>semel</span> <span class='ocrx_word' id='word_1_143' title='bbox 882 1836 1020 1919; x_wconf 88' lang='lat' dir='ltr'>populus</span> <span class='ocrx_word' id='word_1_144' title='bbox 1034 1835 1185 1900; x_wconf 88' lang='lat' dir='ltr'>iussisset</span> 
     </span>
     <span class='ocr_line' id='line_1_20' title="bbox 173 1921 1184 2013; baseline -0.007 -18"><span class='ocrx_word' id='word_1_145' title='bbox 173 1929 255 2013; x_wconf 87' lang='lat' dir='ltr'>dedi,</span> <span class='ocrx_word' id='word_1_146' title='bbox 274 1950 312 1992; x_wconf 87' lang='lat' dir='ltr'>ex</span> <span class='ocrx_word' id='word_1_147' title='bbox 331 1925 462 1991; x_wconf 80' lang='lat' dir='ltr'>civitate</span> <span class='ocrx_word' id='word_1_148' title='bbox 481 1922 658 2008; x_wconf 86' lang='lat' dir='ltr'>expulsisse</span> <span class='ocrx_word' id='word_1_149' title='bbox 676 1921 847 2006; x_wconf 83' lang='lat' dir='ltr'>videretur,</span> <span class='ocrx_word' id='word_1_150' title='bbox 866 1924 950 1990; x_wconf 83' lang='lat' dir='ltr'>siout</span> <span class='ocrx_word' id='word_1_151' title='bbox 962 1923 1092 2007; x_wconf 81' lang='lat' dir='ltr'>facerat,</span> <span class='ocrx_word' id='word_1_152' title='bbox 1111 1945 1184 1988; x_wconf 85' lang='lat' dir='ltr'>oum</span> 
     </span>
     <span class='ocr_line' id='line_1_21' title="bbox 173 2009 1185 2186; baseline -0.006 -14"><span class='ocrx_word' id='word_1_153' title='bbox 173 2009 671 2172; x_wconf 55' lang='lat' dir='ltr'>libliuildiddibsinfiiiddboerill</span> <span class='ocrx_word' id='word_1_154' title='bbox 699 2011 1185 2186; x_wconf 56' lang='lat' dir='ltr'>atterituamsaexididlllluavdiitilri</span> 
     </span>
     <span class='ocr_line' id='line_1_22' title="bbox 174 2187 1186 2274; baseline -0.006 -14"><span class='ocrx_word' id='word_1_155' title='bbox 174 2198 225 2260; x_wconf 86' lang='lat' dir='ltr'>est</span> <span class='ocrx_word' id='word_1_156' title='bbox 251 2194 287 2258; x_wconf 91' lang='lat' dir='ltr'>in</span> <span class='ocrx_word' id='word_1_157' title='bbox 310 2189 454 2255; x_wconf 88' lang='lat' dir='ltr'>Hostilio</span> <span class='ocrx_word' id='word_1_158' title='bbox 477 2187 642 2271; x_wconf 85' lang='lat' dir='ltr'>Mancino,</span> <span class='ocrx_word' id='word_1_159' title='bbox 670 2210 765 2274; x_wconf 89' lang='lat' dir='ltr'>quem</span> <span class='ocrx_word' id='word_1_160' title='bbox 787 2188 982 2255; x_wconf 89' lang='lat' dir='ltr'>Numantini</span> <span class='ocrx_word' id='word_1_161' title='bbox 1009 2190 1073 2255; x_wconf 89' lang='lat' dir='ltr'>sibi</span> <span class='ocrx_word' id='word_1_162' title='bbox 1099 2190 1186 2254; x_wconf 93' lang='lat' dir='ltr'>dedi·</span> 
     </span>
     <span class='ocr_line' id='line_1_23' title="bbox 174 2277 1183 2364; baseline -0.004 -16"><span class='ocrx_word' id='word_1_163' title='bbox 174 2288 245 2348; x_wconf 90' lang='lat' dir='ltr'>tum</span> <span class='ocrx_word' id='word_1_164' title='bbox 263 2301 330 2346; x_wconf 89' lang='lat' dir='ltr'>non</span> <span class='ocrx_word' id='word_1_165' title='bbox 349 2280 554 2362; x_wconf 85' lang='lat' dir='ltr'>aeceperunt:</span> <span class='ocrx_word' id='word_1_166' title='bbox 572 2277 611 2342; x_wconf 86' lang='lat' dir='ltr'>de</span> <span class='ocrx_word' id='word_1_167' title='bbox 631 2299 694 2361; x_wconf 89' lang='lat' dir='ltr'>quo</span> <span class='ocrx_word' id='word_1_168' title='bbox 713 2281 823 2342; x_wconf 88' lang='lat' dir='ltr'>tamen</span> <span class='ocrx_word' id='word_1_169' title='bbox 842 2279 894 2344; x_wconf 88' lang='lat' dir='ltr'>lex</span> <span class='ocrx_word' id='word_1_170' title='bbox 911 2283 1024 2364; x_wconf 85' lang='lat' dir='ltr'>postea</span> <span class='ocrx_word' id='word_1_171' title='bbox 1041 2280 1111 2344; x_wconf 89' lang='lat' dir='ltr'>lata</span> <span class='ocrx_word' id='word_1_172' title='bbox 1125 2283 1183 2363; x_wconf 88' lang='lat' dir='ltr'>est,</span> 
     </span>
     <span class='ocr_line' id='line_1_24' title="bbox 173 2365 1184 2454; baseline -0.005 -16"><span class='ocrx_word' id='word_1_173' title='bbox 173 2377 212 2438; x_wconf 90' lang='lat' dir='ltr'>ut</span> <span class='ocrx_word' id='word_1_174' title='bbox 235 2372 321 2436; x_wconf 88' lang='lat' dir='ltr'>esset</span> <span class='ocrx_word' id='word_1_175' title='bbox 344 2367 423 2434; x_wconf 80' lang='lat' dir='ltr'>aivis</span> <span class='ocrx_word' id='word_1_176' title='bbox 443 2365 619 2450; x_wconf 89' lang='lat' dir='ltr'>Romanus,</span> <span class='ocrx_word' id='word_1_177' title='bbox 643 2369 675 2430; x_wconf 90' lang='lat' dir='ltr'>et</span> <span class='ocrx_word' id='word_1_178' title='bbox 692 2371 878 2452; x_wconf 82' lang='lat' dir='ltr'>praeturum</span> <span class='ocrx_word' id='word_1_179' title='bbox 897 2389 1024 2454; x_wconf 88' lang='lat' dir='ltr'>quoque</span> <span class='ocrx_word' id='word_1_180' title='bbox 1043 2369 1184 2453; x_wconf 84' lang='lat' dir='ltr'>gessisse</span> 
     </span>
     <span class='ocr_line' id='line_1_25' title="bbox 174 2460 299 2528; baseline -0.024 -1"><span class='ocrx_word' id='word_1_181' title='bbox 174 2460 299 2528; x_wconf 82' lang='lat' dir='ltr'>dieitur.</span> 
     </span>
    </p>
   </div>
   <div class='ocr_carea' id='block_1_8' title="bbox 378 2568 978 2658">
    <p class='ocr_par' dir='ltr' id='par_1_10' title="bbox 378 2568 978 2658">
     <span class='ocr_line' id='line_1_26' title="bbox 378 2568 978 2658; baseline -0.003 -21"><span class='ocrx_word' id='word_1_182' title='bbox 378 2576 427 2637; x_wconf 90' lang='lat' dir='ltr'>De</span> <span class='ocrx_word' id='word_1_183' title='bbox 450 2576 527 2636; x_wconf 91' lang='lat' dir='ltr'>iura</span> <span class='ocrx_word' id='word_1_184' title='bbox 550 2576 655 2636; x_wconf 81' lang='lat' dir='ltr'>oivili</span> <span class='ocrx_word' id='word_1_185' title='bbox 676 2568 720 2658; x_wconf 74' lang='lat' dir='ltr'>(l)</span> <span class='ocrx_word' id='word_1_186' title='bbox 741 2575 828 2636; x_wconf 91' lang='lat' dir='ltr'>libri</span> <span class='ocrx_word' id='word_1_187' title='bbox 852 2575 978 2635; x_wconf 89' lang='lat' dir='ltr'>deoem.</span> 
     </span>
    </p>
   </div>
   <div class='ocr_carea' id='block_1_9' title="bbox 175 2691 1282 2954">
    <p class='ocr_par' dir='ltr' id='par_1_11' title="bbox 175 2691 1282 2954">
     <span class='ocr_line' id='line_1_27' title="bbox 263 2691 1282 2770; baseline -0.002 -14"><span class='ocrx_word' id='word_1_188' title='bbox 263 2694 376 2756; x_wconf 90' lang='lat' dir='ltr'>Utrum</span> <span class='ocrx_word' id='word_1_189' title='bbox 398 2691 494 2754; x_wconf 88' lang='lat' dir='ltr'>libelli</span> <span class='ocrx_word' id='word_1_190' title='bbox 516 2691 618 2752; x_wconf 79' lang='lat' dir='ltr'>decem</span> <span class='ocrx_word' id='word_1_191' title='bbox 640 2691 687 2752; x_wconf 94' lang='lat' dir='ltr'>illi</span> <span class='ocrx_word' id='word_1_192' title='bbox 710 2711 783 2770; x_wconf 90' lang='lat' dir='ltr'>quos</span> <span class='ocrx_word' id='word_1_193' title='bbox 801 2691 917 2752; x_wconf 80' lang='lat' dir='ltr'>Mucius</span> <span class='ocrx_word' id='word_1_194' title='bbox 940 2692 1063 2769; x_wconf 88' lang='lat' dir='ltr'>reliquit</span> <span class='ocrx_word' id='word_1_195' title='bbox 1082 2693 1186 2770; x_wconf 85' lang='lat' dir='ltr'>singu·</span> <span class='ocrx_word' id='word_1_196' title='bbox 1281 2705 1282 2754; x_wconf 71' lang='lat' dir='ltr'>t</span> 
     </span>
     <span class='ocr_line' id='line_1_28' title="bbox 176 2779 1282 2860; baseline -0.006 -14"><span class='ocrx_word' id='word_1_197' title='bbox 176 2787 255 2846; x_wconf 87' lang='lat' dir='ltr'>lares</span> <span class='ocrx_word' id='word_1_198' title='bbox 287 2784 400 2844; x_wconf 86' lang='lat' dir='ltr'>fuerint</span> <span class='ocrx_word' id='word_1_199' title='bbox 431 2801 470 2842; x_wconf 86' lang='lat' dir='ltr'>nn</span> <span class='ocrx_word' id='word_1_200' title='bbox 501 2781 533 2840; x_wconf 87' lang='lat' dir='ltr'>in</span> <span class='ocrx_word' id='word_1_201' title='bbox 563 2800 657 2840; x_wconf 89' lang='lat' dir='ltr'>unum</span> <span class='ocrx_word' id='word_1_202' title='bbox 690 2798 796 2857; x_wconf 82' lang='lat' dir='ltr'>corpus</span> <span class='ocrx_word' id='word_1_203' title='bbox 826 2779 987 2860; x_wconf 82' lang='lat' dir='ltr'>coniuncti,</span> <span class='ocrx_word' id='word_1_204' title='bbox 1020 2781 1183 2856; x_wconf 81' lang='lat' dir='ltr'>quaeritur.</span> <span class='ocrx_word' id='word_1_205' title='bbox 1281 2823 1282 2830; x_wconf 18' lang='grc' dir='ltr'><strong>κ</strong></span> 
     </span>
     <span class='ocr_line' id='line_1_29' title="bbox 175 2868 1282 2954; baseline -0.005 -19"><span class='ocrx_word' id='word_1_206' title='bbox 175 2895 232 2954; x_wconf 84' lang='lat' dir='ltr'>ego</span> <span class='ocrx_word' id='word_1_207' title='bbox 261 2871 344 2932; x_wconf 82' lang='lat' dir='ltr'>Sexti</span> <span class='ocrx_word' id='word_1_208' title='bbox 370 2870 449 2932; x_wconf 85' lang='lat' dir='ltr'>Aelii</span> <span class='ocrx_word' id='word_1_209' title='bbox 481 2869 702 2930; x_wconf 87' lang='lat' dir='ltr'>oommentariis</span> <span class='ocrx_word' id='word_1_210' title='bbox 735 2869 847 2927; x_wconf 90' lang='lat' dir='ltr'>similes</span> <span class='ocrx_word' id='word_1_211' title='bbox 875 2869 967 2930; x_wconf 84' lang='lat' dir='ltr'>fuisse</span> <span class='ocrx_word' id='word_1_212' title='bbox 994 2888 1030 2928; x_wconf 88' lang='lat' dir='ltr'>ex</span> <span class='ocrx_word' id='word_1_213' title='bbox 1059 2868 1118 2929; x_wconf 78' lang='lat' dir='ltr'>cic.</span> <span class='ocrx_word' id='word_1_214' title='bbox 1147 2871 1184 2930; x_wconf 93' lang='lat' dir='ltr'>de</span> <span class='ocrx_word' id='word_1_215' title='bbox 1281 2877 1282 2880; x_wconf 75' lang='grc'>’</span> 
     </span>
    </p>
   </div>
   <div class='ocr_carea' id='block_1_10' title="bbox 174 2950 1188 3301">
    <p class='ocr_par' dir='ltr' id='par_1_12' title="bbox 174 2950 1188 3301">
     <span class='ocr_line' id='line_1_30' title="bbox 176 2950 1188 3041; baseline -0.005 -18"><span class='ocrx_word' id='word_1_216' title='bbox 176 2965 251 3023; x_wconf 89' lang='lat' dir='ltr'>orat.</span> <span class='ocrx_word' id='word_1_217' title='bbox 272 2964 304 3041; x_wconf 86' lang='lat'>1,</span> <span class='ocrx_word' id='word_1_218' title='bbox 326 2961 388 3020; x_wconf 82' lang='lat'>239</span> <span class='ocrx_word' id='word_1_219' title='bbox 418 2959 525 3034; x_wconf 81' lang='lat' dir='ltr'>colligo</span> <span class='ocrx_word' id='word_1_220' title='bbox 554 2950 597 3017; x_wconf 79' lang='lat' dir='ltr'>‘et</span> <span class='ocrx_word' id='word_1_221' title='bbox 624 2957 656 3016; x_wconf 90' lang='lat' dir='ltr'>in</span> <span class='ocrx_word' id='word_1_222' title='bbox 678 2957 710 3019; x_wconf 93' lang='lat' dir='ltr'>P.</span> <span class='ocrx_word' id='word_1_223' title='bbox 730 2957 822 3016; x_wconf 80' lang='lat' dir='ltr'>Mucii</span> <span class='ocrx_word' id='word_1_224' title='bbox 848 2957 945 3032; x_wconf 87' lang='lat' dir='ltr'>patris</span> <span class='ocrx_word' id='word_1_225' title='bbox 973 2958 1020 3018; x_wconf 86' lang='lat' dir='ltr'>eui</span> <span class='ocrx_word' id='word_1_226' title='bbox 1042 2958 1129 3018; x_wconf 88' lang='lat' dir='ltr'>libris</span> <span class='ocrx_word' id='word_1_227' title='bbox 1153 2963 1188 3018; x_wconf 88' lang='lat' dir='ltr'>et</span> 
     </span>
     <span class='ocr_line' id='line_1_31' title="bbox 174 3037 1186 3124; baseline -0.005 -12"><span class='ocrx_word' id='word_1_228' title='bbox 174 3055 207 3112; x_wconf 88' lang='lat' dir='ltr'>in</span> <span class='ocrx_word' id='word_1_229' title='bbox 231 3051 296 3111; x_wconf 79' lang='lat' dir='ltr'>Sex.</span> <span class='ocrx_word' id='word_1_230' title='bbox 319 3048 388 3108; x_wconf 86' lang='lat' dir='ltr'>Aeli</span> <span class='ocrx_word' id='word_1_231' title='bbox 416 3045 636 3108; x_wconf 82' lang='lat' dir='ltr'>commentariis</span> <span class='ocrx_word' id='word_1_232' title='bbox 661 3037 825 3122; x_wconf 85' lang='lat' dir='ltr'>seriptum&#39;.</span> <span class='ocrx_word' id='word_1_233' title='bbox 870 3065 1080 3124; x_wconf 89' lang='lat' dir='ltr'>responsorum</span> <span class='ocrx_word' id='word_1_234' title='bbox 1103 3051 1186 3107; x_wconf 90' lang='lat' dir='ltr'>oerte</span> 
     </span>
     <span class='ocr_line' id='line_1_32' title="bbox 176 3133 1185 3220; baseline -0.006 -18"><span class='ocrx_word' id='word_1_235' title='bbox 176 3143 294 3220; x_wconf 86' lang='lat' dir='ltr'>partem</span> <span class='ocrx_word' id='word_1_236' title='bbox 316 3137 347 3198; x_wconf 90' lang='lat' dir='ltr'>iu</span> <span class='ocrx_word' id='word_1_237' title='bbox 371 3136 464 3196; x_wconf 89' lang='lat' dir='ltr'>libros</span> <span class='ocrx_word' id='word_1_238' title='bbox 486 3134 619 3194; x_wconf 81' lang='lat' dir='ltr'>Mucium</span> <span class='ocrx_word' id='word_1_239' title='bbox 642 3134 781 3194; x_wconf 90' lang='lat' dir='ltr'>retulisse</span> <span class='ocrx_word' id='word_1_240' title='bbox 803 3133 965 3196; x_wconf 87' lang='lat' dir='ltr'>verisimile</span> <span class='ocrx_word' id='word_1_241' title='bbox 989 3139 1041 3196; x_wconf 90' lang='lat' dir='ltr'>est.</span> <span class='ocrx_word' id='word_1_242' title='bbox 1082 3155 1185 3196; x_wconf 87' lang='lat' dir='ltr'>rerum</span> 
     </span>
     <span class='ocr_line' id='line_1_33' title="bbox 176 3221 738 3301; baseline -0.012 -10"><span class='ocrx_word' id='word_1_243' title='bbox 176 3229 249 3291; x_wconf 87' lang='lat' dir='ltr'>ordo</span> <span class='ocrx_word' id='word_1_244' title='bbox 272 3246 310 3288; x_wconf 91' lang='lat' dir='ltr'>ne</span> <span class='ocrx_word' id='word_1_245' title='bbox 333 3223 463 3287; x_wconf 84' lang='lat' dir='ltr'>divinari</span> <span class='ocrx_word' id='word_1_246' title='bbox 486 3221 608 3301; x_wconf 89' lang='lat' dir='ltr'>quidem</span> <span class='ocrx_word' id='word_1_247' title='bbox 630 3225 738 3301; x_wconf 88' lang='lat' dir='ltr'>potest.</span> 
     </span>
    </p>
   </div>
   <div class='ocr_carea' id='block_1_11' title="bbox 178 3375 1188 3523">
    <p class='ocr_par' dir='ltr' id='par_1_13' title="bbox 178 3375 1188 3523">
     <span class='ocr_line' id='line_1_34' title="bbox 249 3375 1188 3450; baseline -0.003 -14"><span class='ocrx_word' id='word_1_248' title='bbox 249 3385 263 3435; x_wconf 92' lang='lat'>1</span> <span class='ocrx_word' id='word_1_249' title='bbox 285 3381 437 3435; x_wconf 73' lang='lat' dir='ltr'>Mommsen</span> <span class='ocrx_word' id='word_1_250' title='bbox 451 3376 589 3444; x_wconf 76' lang='lat' dir='ltr'>(Riottars</span> <span class='ocrx_word' id='word_1_251' title='bbox 602 3375 700 3431; x_wconf 79' lang='lat' dir='ltr'>Jahrb.</span> <span class='ocrx_word' id='word_1_252' title='bbox 715 3377 818 3442; x_wconf 83' lang='lat'>17,13)</span> <span class='ocrx_word' id='word_1_253' title='bbox 837 3391 894 3432; x_wconf 78' lang='lat' dir='ltr'>aaa</span> <span class='ocrx_word' id='word_1_254' title='bbox 907 3377 979 3447; x_wconf 74' lang='lat' dir='ltr'>quod</span> <span class='ocrx_word' id='word_1_255' title='bbox 992 3377 1070 3433; x_wconf 77' lang='lat' dir='ltr'>bodio</span> <span class='ocrx_word' id='word_1_256' title='bbox 1085 3378 1188 3450; x_wconf 71' lang='lat' dir='ltr'>lepitur</span> 
     </span>
     <span class='ocr_line' id='line_1_35' title="bbox 178 3447 1048 3523; baseline -0.002 -15"><span class='ocrx_word' id='word_1_257' title='bbox 178 3452 317 3523; x_wconf 75' lang='lat' dir='ltr'>‘scripta’‚</span> <span class='ocrx_word' id='word_1_258' title='bbox 336 3451 381 3507; x_wconf 82' lang='lat' dir='ltr'>sed</span> <span class='ocrx_word' id='word_1_259' title='bbox 395 3447 705 3520; x_wconf 54' lang='lat' dir='ltr'>periermeniarum</span> <span class='ocrx_word' id='word_1_260' title='bbox 723 3447 809 3515; x_wconf 78' lang='lat' dir='ltr'>faisse</span> <span class='ocrx_word' id='word_1_261' title='bbox 826 3449 924 3518; x_wconf 80' lang='lat' dir='ltr'>optime</span> <span class='ocrx_word' id='word_1_262' title='bbox 942 3449 1048 3506; x_wconf 74' lang='lat' dir='ltr'>conicit.</span> 
     </span>
    </p>
   </div>
   <div class='ocr_carea' id='block_1_12' title="bbox 601 3593 759 3604">
    <p class='ocr_par' dir='ltr' id='par_1_14' title="bbox 601 3593 759 3604">
     <span class='ocr_line' id='line_1_36' title="bbox 601 3593 759 3604; baseline -0.006 0"><span class='ocrx_word' id='word_1_263' title='bbox 601 3593 759 3604; x_wconf 54' lang='grc' dir='ltr'>...ιιι-ψ-</span> 
     </span>
    </p>
   </div>
   <div class='ocr_carea' id='block_1_13' title="bbox 0 0 1314 3912">
    <p class='ocr_par' dir='ltr' id='par_1_15' title="bbox 0 0 1314 3912">
     <span class='ocr_line' id='line_1_37' title="bbox 0 0 1314 3912; baseline 0 0"><span class='ocrx_word' id='word_1_264' title='bbox 0 0 1314 3912; x_wconf 95' lang='lat' dir='ltr'> </span> 
     </span>
    </p>
   </div>
  </div>
 </body>
</html>
