2602 3912
313 185 336 234 7.
362 177 393 244 Q.
412 179 547 236 MUOIUS
565 179 595 233 P.
610 181 641 236 F.
654 179 683 236 P.
700 180 733 234 N.
750 180 941 236 sclavum
1088 181 1130 247 59

111 347 260 410 iudicatis
290 351 320 406 ct
346 347 497 422 responsis
524 348 568 407 ita
595 349 830 426 explicaverunt,
857 353 893 408 ut
918 351 1020 428 legum
1042 351 1134 410 verba

113 439 326 514 sequerentur.
371 437 416 494 its
443 437 557 496 factum
584 441 663 512 eret,
690 441 727 496 ut
751 438 799 496 ius
823 439 969 498 diffusum
993 443 1024 497 et
1046 439 1131 498 dissi-

112 531 226 604 patum
259 529 346 585 esset.
396 525 514 584 Mucius
547 526 661 601 primus
693 545 753 586 non
781 545 799 584 a
826 526 929 604 legum
956 529 1132 603 praeceptis,

112 616 170 676 sed
202 634 222 674 a
254 615 345 674 rebus
377 613 450 690 ipsis
484 632 619 690 exorsus,
653 634 729 692 quac
762 615 880 692 legibus
907 617 956 676 vel
984 616 1133 676 maiorum

113 703 252 764 moribus
287 703 441 763 ordinatae
473 707 571 781 erant,
605 705 694 764 certis
726 705 894 764 rationibus
926 723 976 764 eas
1007 705 1134 782 digessit

113 793 274 854 coniunxit
306 791 470 869 separavit,
503 792 546 851 ita
578 793 697 868 quidem
728 797 765 852 ut
797 813 833 852 ex
861 794 1024 854 stoicorum
1051 813 1132 854 more

114 901 221 942 rerum
263 881 450 940 definitiones
491 885 678 956 proponeret.
742 883 845 958 itaque
885 883 1013 958 perfecit
1054 883 1133 960 quod

116 969 223 1031 Cicero
252 969 289 1028 de
312 973 386 1030 orat.
409 972 516 1048 1,190
539 969 681 1030 Crassum
704 971 776 1030 facit
799 971 947 1030 dicentem
969 971 1034 1030 eius
1058 989 1132 1044 esse,

114 1060 170 1136 qui
202 1061 250 1118 ius
283 1058 372 1118 civile
403 1058 434 1116 in
467 1062 562 1117 artem
594 1058 729 1137 redigere
762 1061 820 1119 sibi
847 1061 1049 1138 proposuerit,
1082 1055 1133 1119 ‘ut

113 1149 250 1224 primum
273 1166 359 1207 omne
383 1147 429 1206 ius
453 1147 540 1206 civile
558 1148 591 1206 in
609 1167 720 1226 genera
737 1149 863 1224 digerat,
888 1169 964 1226 quae
982 1167 1133 1225 perpauca

115 1240 196 1312 eunt,
220 1235 327 1294 deinde
351 1254 455 1295 eorum
478 1255 622 1314 generum
645 1238 730 1314 quasi
752 1237 898 1314 quaedem
921 1238 1056 1297 membra
1075 1238 1131 1298 dis·

115 1325 240 1403 pertiat,
264 1328 330 1384 tum
353 1324 505 1400 propriam
528 1325 671 1402 cuiusque
694 1327 756 1384 vim
779 1326 950 1386 definitione
974 1319 1130 1386 declaret'.

116 1435 143 1475 v.
163 1432 258 1490 supra
275 1433 304 1489 p.
325 1415 377 1473 47.
423 1432 499 1490 quae
518 1413 684 1490 disputatio
703 1433 772 1473 cum
789 1416 885 1474 multo
905 1419 973 1491 post
992 1414 1024 1486 Q.
1039 1415 1132 1474 Mucii

116 1506 246 1564 mortem
274 1521 301 1560 a.
321 1496 437 1580 699fbb
467 1503 580 1578 scripta
604 1503 657 1579 sit,
684 1503 776 1562 Mucii
799 1523 874 1579 opus
897 1504 1023 1563 reiron
1046 1504 1131 1563 satis-

116 1592 224 1652 fecisse
249 1589 350 1650 Cicero
377 1591 499 1651 videtur
525 1595 661 1669 putasse,
690 1611 871 1668 quamquam
897 1593 1131 1667 disputationem

116 1682 161 1741 ita
179 1679 345 1755 exornavit,
367 1679 454 1757 quasi
471 1680 532 1738 iam
551 1699 576 1738 a.
593 1674 707 1758 663s91
729 1680 833 1740 habita
851 1681 899 1758 sit,
919 1701 978 1756 quo
997 1683 1132 1756 tempore

117 1769 151 1840 Q.
164 1769 283 1828 Mucius
303 1787 378 1844 opus
398 1786 487 1827 suum
505 1769 633 1828 fortasse
652 1769 784 1829 nondum
804 1770 945 1828 ediderat.
987 1768 1132 1845 Ciceroni,

116 1860 170 1937 qui
193 1859 310 1918 rationo
328 1858 389 1934 illa,
413 1876 503 1934 quam
522 1858 542 1916 l.
556 1877 579 1916 c.
599 1858 730 1934 explicat
748 1852 923 1934 ‘perfectam
942 1861 1037 1916 artem
1056 1858 1131 1917 iuris

116 1941 225 2008 civilis'
245 1946 441 2006 constitutum
460 1946 498 2003 iri
516 1965 693 2022 persuasum
710 1947 849 2024 habebat,
867 1947 959 2006 Mucii
974 1965 1049 2022 opus
1064 1947 1131 2006 idco

116 2056 177 2096 non
202 2035 358 2112 satisfecit,
381 2035 461 2112 quod
483 2035 547 2110 ipse
571 2038 680 2114 orator,
703 2055 764 2097 non
786 2037 1036 2096 iurisconsultus
1056 2047 1130 2095 erat.

208 2123 304 2194 Quam
327 2124 388 2182 late
412 2124 492 2199 apud
514 2126 649 2199 posteros
672 2125 748 2185 iuris
766 2125 919 2185 consultos
938 2129 969 2184 et
987 2143 1131 2203 generum

117 2217 149 2274 et
167 2212 375 2273 definitionum
393 2231 467 2271 usus
485 2212 627 2290 patuerit,
650 2233 754 2274 eorum
771 2215 841 2274 libri
860 2215 1029 2291 ostendunt,
1048 2214 1131 2290 item,

118 2305 250 2381 quantae
272 2301 426 2360 derorum
445 2301 604 2378 generibus
623 2303 843 2363 controversiae
863 2303 1026 2378 extiterint,
1050 2303 1131 2361 deni·

119 2411 176 2469 que
200 2409 291 2468 quam
314 2390 430 2449 lubrica
447 2391 480 2449 in
497 2391 561 2448 iure
581 2391 676 2451 omnis
696 2393 736 2450 sit
754 2392 896 2451 definitio.
937 2392 1010 2450 haec
1028 2392 1130 2466 itaque

120 2480 193 2540 iuris
217 2479 422 2539 consultorum
446 2478 609 2554 disputatio
634 2499 651 2538 a
673 2480 773 2540 Mucio
797 2481 943 2556 originem
967 2480 1061 2556 duxit,
1087 2481 1131 2536 ita

119 2575 162 2647 ut,
186 2568 267 2647 quod
290 2570 379 2627 autea
401 2568 510 2627 notitia
532 2571 652 2628 tantum
675 2569 750 2627 iuris
768 2569 875 2641 fuerat,
899 2569 959 2626 iam
978 2567 1052 2626 iuris
1072 2568 1130 2626 dis·

121 2657 230 2734 ciplina
247 2657 314 2715 fieri
331 2655 485 2732 inciperet.
521 2658 665 2716 nonnulla
683 2676 794 2734 genera
812 2675 830 2716 a
849 2657 946 2716 Mucio
966 2655 1131 2716 constituta

119 2747 247 2824 posteris
270 2765 330 2805 non
352 2745 501 2821 placuisse
524 2746 633 2804 mirum
656 2765 716 2805 non
739 2750 793 2804 est.

208 2833 241 2904 Q.
256 2833 389 2892 Mucium
406 2833 454 2893 ius
474 2835 560 2894 civile
579 2835 610 2892 in
629 2834 720 2893 libros
740 2834 841 2894 decem
856 2837 886 2893 et
900 2837 966 2894 octo
981 2831 1131 2910 redegisse

121 2923 302 2999 Pomponius
327 2920 346 2998 ἓ
366 2925 406 2981 41
431 2922 533 2982 tradit.
580 2924 632 2984 scd
655 2943 820 2998 paucorum
842 2927 962 2982 tantum
985 2918 1131 2983 librorum

121 3014 330 3091 argumentum
362 3011 508 3071 traditum
540 3015 598 3090 est,
630 3017 666 3071 ut
697 3013 784 3087 plane
816 3013 964 3072 incertum
993 3013 1032 3071 sit
1060 3032 1132 3089 quo·

122 3102 208 3161 modo
233 3100 352 3160 Mucius
378 3119 426 3160 res
454 3101 642 3176 disposuerit.
688 3101 765 3161 libro
793 3101 921 3162 secundo
949 3101 985 3160 de
1013 3101 1131 3178 legatis,

121 3191 196 3250 libro
225 3192 333 3266 quarto
361 3188 474 3248 decimo
501 3191 537 3248 de
561 3190 768 3267 societatibus,
796 3191 873 3250 libro
897 3190 1023 3268 deniqne
1048 3193 1131 3248 sexto

123 3279 234 3338 decimo
259 3279 295 3337 de
318 3278 407 3337 furtis
431 3282 533 3338 actum
554 3279 646 3338 fuisse
665 3297 732 3338 cum
751 3279 874 3352 Gellius
898 3281 964 3338 tum
982 3277 1131 3353 Ulpianus

124 3371 152 3427 et
169 3368 284 3426 Paulus
303 3367 334 3426 in
353 3367 513 3426 Iustiniani
532 3367 665 3444 Digestis
683 3368 826 3428 relenmt.
865 3385 952 3444 porro
972 3365 1131 3424 adhibendi

123 3461 192 3516 sunt
210 3455 367 3532 Pomponii
390 3456 459 3515 libri
481 3456 608 3534 triginta
631 3476 738 3516 norem
761 3457 800 3515 ed
819 3454 851 3526 Q.
870 3453 1003 3513 Mucium
1027 3451 1131 3528 scripti

22 3567 23 3602 ff
123 3546 168 3606 vel
195 3545 296 3620 potius
324 3563 428 3604 eorum
456 3546 625 3622 fragmenta
652 3545 683 3603 in
709 3545 820 3604 eisdem
843 3542 976 3620 Digestis
999 3547 1131 3617 serveta5
