2588 3908
197 185 263 249 224
299 185 345 241 VI.
368 185 502 241 oornvl
522 185 618 242 SAEO.
637 186 733 241 Iunis
752 185 926 252 consum.
946 161 1072 244 sufflas
1091 185 1207 242 PRIMA

198 349 371 433 subripuit,
400 371 473 414 eum
496 350 674 432 posteriore
697 349 768 414 fure
791 350 939 416 domiuus
963 351 1032 415 eius
1055 351 1104 414 rei
1126 350 1206 414 furti

198 459 293 522 agere
321 442 443 522 potest,
469 437 523 502 fur
550 437 640 522 prior
667 459 732 503 non
755 442 864 522 potest
960 438 1042 504 haee
1065 438 1205 514 Quintus

197 527 321 592 Mucius
345 526 444 592 refert
542 549 599 591 nee
622 527 745 591 utimur
764 526 866 592 Servii
890 529 1050 592 sententia
1073 529 1130 612 qui
1149 550 1206 613 pu-

196 616 301 700 tabat,
333 617 361 680 si
391 616 439 679 rei
467 617 641 700 subreptae
669 615 817 680 dominus
847 638 942 681 nemo
974 621 1117 681 exstaret
1146 637 1207 682 nee

198 709 381 769 exstaturus
406 707 504 787 esset,
526 705 629 769 furem
652 704 771 769 habere
794 705 873 769 furti
897 705 1066 770 actionem.

392 940 429 998 V.
457 940 506 998 De
530 941 644 1000 saeris
667 940 895 1000 detestandis
917 939 1013 1000 libri.

288 1065 362 1124 Cum
380 1068 500 1140 praeter
517 1064 664 1124 librorum
682 1065 808 1124 titulum
825 1064 900 1122 nihil
913 1063 977 1123 fere
991 1067 1146 1126 servatum
1160 1065 1209 1144 sit,
1271 1019 1273 1090 Ι

199 1156 410 1231 argumentum
428 1153 574 1212 librorum
588 1154 760 1212 coniectura
773 1155 893 1212 tantum
907 1153 1027 1230 assequi
1039 1171 1209 1229 possumus,
1272 1159 1273 1182 ³

197 1243 324 1302 verbum
347 1235 553 1301 ‘detestatum’
577 1241 669 1301 Gaius
691 1242 723 1300 in
746 1242 824 1300 libro
844 1244 927 1300 sexto
950 1242 989 1300 ad
1007 1241 1066 1300 XII
1081 1241 1207 1301 tabulas
1272 1235 1273 1284 l

200 1325 249 1410 (D.
266 1332 471 1409 50‚16‚238‚
489 1323 521 1409 1)
542 1331 584 1390 sio
604 1331 744 1407 explieat:
764 1324 960 1390 ‘detestatum
979 1329 1027 1390 est
1044 1331 1208 1390 testatione

199 1414 423 1478 denuntiatum’
454 1423 484 1478 et
505 1418 654 1495 Ulpianus
681 1420 759 1479 libro
783 1419 1030 1496 quinquagesimo
1054 1422 1139 1478 sexto
1169 1419 1207 1478 ad

199 1509 329 1567 edietum
343 1500 395 1589 (D.
411 1511 461 1584 50,
478 1511 528 1586 16,
543 1499 600 1588 39)
619 1509 735 1568 scribit:
759 1501 931 1567 ‘detestatio
951 1511 998 1566 est
1016 1507 1207 1567 denuntiatio

198 1598 278 1656 faeta
302 1616 367 1656 oum
391 1591 572 1657 testatione’.
619 1590 787 1656 ‘Detesteri
809 1595 928 1656 verhtlt
951 1597 1015 1655 sieh
1041 1617 1078 1655 zu
1099 1597 1209 1656 testari

199 1686 255 1745 wie
279 1685 397 1746 demere
419 1707 456 1745 zu
479 1705 588 1762 emere,
612 1686 726 1744 deicere
749 1704 786 1743 zu
808 1685 918 1756 iacere,
941 1685 1037 1745 heisst
1059 1686 1124 1744 also
1154 1705 1209 1745 vor

200 1775 320 1852 Zeugen
351 1795 410 1834 von
441 1775 505 1834 sich
534 1767 666 1834 abthun'
694 1774 859 1833 Mommsen
886 1773 1075 1833 Staatsreoht
1101 1774 1164 1848 ΙΙΙ,
1190 1778 1205 1834 1

199 1885 227 1940 p.
249 1867 288 1924 29
313 1883 341 1924 n.
363 1867 389 1924 1.
419 1864 455 1923 de
477 1882 509 1922 re
532 1863 579 1922 vir
597 1862 788 1922 doctissimus
807 1863 881 1921 haee
900 1863 996 1922 addit:
1021 1857 1089 1923 ‘Die
1110 1881 1208 1922 saero-

130 2000 132 2005 .
199 1973 266 2011 rum
285 1952 446 2012 detestatio
465 1951 539 2010 wird
558 1951 607 2009 bei
625 1950 740 2010 Gellius
762 1953 810 2023 15,
827 1953 867 2010 27
891 1952 989 2011 neben'
1011 1952 1078 2011 dem
1102 1952 1207 2011 Testa·

198 2044 283 2100 ment
296 2040 473 2118 aufgefuhrt
486 2040 531 2098 als
546 2038 717 2116 gleiehfalls
731 2039 762 2098 in
776 2040 905 2099 comitiis
919 2041 1024 2099 ealatis
1037 2041 1208 2118 vollzogen3

199 2130 261 2187 und
294 2130 332 2187 da
364 2129 411 2186 die
442 2131 533 2186 unter
563 2128 695 2204 Leitung
728 2129 779 2187 des
811 2129 952 2188 Pontifex
987 2129 1209 2207 abgehalteneu

200 2217 348 2296 Comitien
374 2216 529 2275 technisch
559 2218 657 2275 calata
685 2216 815 2293 heleseu,
848 2235 880 2276 so
908 2219 989 2276 kann
1015 2217 1082 2276 hier
1108 2218 1207 2278 niehts

200 2305 324 2364 anderes
351 2306 483 2380 gemeint
510 2305 574 2364 sein
600 2306 646 2364 als
674 2307 721 2365 die
748 2306 797 2365 bei
825 2305 882 2364 den
906 2305 1208 2367 Pontifiealoomitien

199 2394 305 2452 immor
328 2394 470 2454 uuntehst
492 2395 523 2452 iu
547 2396 600 2454 das
622 2395 711 2471 Auge
735 2395 867 2472 gelasste
890 2395 1086 2473 Adrogation.
1123 2395 1208 2454 Dazu

200 2483 316 2542 stimmt
339 2483 460 2544 Servius
488 2482 789 2557 zurAen.2‚156:
817 2485 1001 2543 consuetudo
1025 2483 1107 2560 apud
1130 2485 1207 2544 anti·

200 2591 274 2650 quos
297 2573 365 2650 fuit,
387 2575 423 2632 ut
446 2573 551 2649 quiin
573 2573 720 2632 familiam
740 2573 789 2633 vel
807 2576 928 2649 gentem
946 2573 1098 2648 transiret,
1120 2573 1205 2648 prius
1269 2639 1270 2646 .

199 2680 231 2720 se
255 2662 407 2722 abdicaret
429 2663 467 2721 ab
491 2681 526 2721 ea
548 2662 580 2721 in
598 2682 657 2740 qua
673 2659 774 2721 fuerat
798 2665 829 2720 et
851 2663 893 2721 sic
917 2661 954 2721 ab
973 2662 1034 2722 alia
1056 2661 1206 2738 accipere·
1269 2647 1270 2688 ²

199 2754 259 2809 tur.
296 2753 382 2809 Auch
405 2751 474 2810 dass
497 2752 544 2810 die
568 2752 682 2810 alteren
701 2751 837 2810 duristen
860 2751 941 2810 diese
960 2749 1120 2810 detestatio
1141 2769 1206 2810 aus-
1269 2759 1270 2768 ¹

198 2839 329 2897 fuhrlioh
360 2839 573 2912 behandelten‚
605 2842 690 2915 passt
722 2840 797 2898 dazu
828 2839 920 2899 wohl:
959 2839 1021 2899 Ser.
1052 2838 1204 2914 Sulpicius
1268 2837 1269 2868 l

200 2927 317 2985 sohrieb
345 2926 417 2987 zwei
444 2928 516 2986 oder
542 2929 676 2987 mehrere
699 2927 818 2987 Bdoher
845 2929 881 2987 de
904 2929 996 2987 saeris
1019 2928 1204 2987 detestandis

200 3006 439 3095 (Gell.7‚12)'.
476 3033 542 3074 oum
566 3017 633 3074 aliis
658 3036 729 3094 ergo
753 3016 825 3076 viris
850 3017 944 3077 doctis
968 3016 1134 3076 Mommsen
1159 3035 1204 3076 sa·

199 3121 318 3161 erorum
346 3103 575 3162 detestationem
603 3124 670 3164 eum
700 3106 889 3182 arrogatione
919 3105 1108 3165 coniunctam
1140 3123 1205 3165 esse

199 3191 359 3251 existimat.
406 3210 502 3270 saera,
531 3192 566 3252 de
591 3194 699 3271 quibus
722 3195 838 3271 agitur,
864 3197 966 3255 utrum
988 3194 1144 3270 gentilicia
1167 3213 1204 3253 au

199 3281 361 3340 familiaria
383 3280 578 3360 intelligenda
602 3282 675 3360 sint,
698 3283 864 3343 Mommsen
886 3304 946 3343 non
969 3283 1117 3342 definivit:
1143 3284 1204 3358 ple·

198 3371 283 3447 rique
310 3370 368 3430 viri
394 3369 474 3430 docti
497 3390 532 3430 ea
555 3379 640 3430 s'aora
661 3371 816 3449 gentilicia
838 3391 901 3432 esse
924 3374 1043 3448 putant.
1089 3375 1204 3431 utrum-
1266 3447 1267 3450 Ἴ

198 3478 255 3535 que
274 3458 415 3518 Karlowa
428 3460 709 3538 Rechtsgesohiohte
722 3460 754 3519 11
771 3480 800 3535 p.
817 3461 856 3520 97
868 3479 910 3537 sq.
925 3460 1088 3536 improbat:
1108 3479 1203 3520 saoro·

196 3565 265 3605 rum
279 3547 508 3608 detestationem
527 3569 623 3625 neque
638 3549 842 3627 adrogationis
859 3552 977 3624 partem
995 3548 1088 3608 fuisse
1108 3567 1202 3628 neque
1265 3535 1267 3625 l
