2598 3910
412 196 454 246 13.
480 189 661 246 Pacuvius
681 192 800 246 Laeuo
1047 193 1110 254 271

347 457 416 539 13.
453 439 872 536 010000001000

191 625 289 686 Servii
321 625 499 700 discipulus,
531 643 599 684 cum
632 625 735 685 Sinnio
764 624 908 701 Capitone
939 625 1112 684 litterarum

93 715 278 775 commercio
301 718 477 774 coniunctus
501 705 593 795 (Gall.
609 716 638 791 5,
653 717 704 790 21,
720 717 753 773 9:
782 713 866 773 Sinni
888 715 996 791 inquit,
1026 713 1112 789 Capi·

93 805 180 864 tonis
208 803 375 862 doctissimi
401 803 460 861 viri
490 803 638 878 epistulae
666 807 737 862 sunt
760 823 819 862 uno
843 804 875 861 in
898 803 974 863 libro
997 805 1112 862 multae

94 893 230 970 positae,
256 893 374 970 opinor,
397 891 429 950 in
452 892 564 968 templo
588 892 684 952 Pacis.
724 892 822 968 prime
846 891 976 968 epistula
999 893 1113 968 scripta

96 986 146 1040 est
175 983 214 1040 ad
236 981 400 1040 Pacuvium
424 980 608 1058 Labeonem,
636 982 685 1040 cui
707 981 817 1040 titulus
840 981 1044 1056 praescriptus
1067 986 1113 1040 est

97 1065 218 1147 ‘pluria
244 1089 304 1129 non
331 1069 421 1146 plura
448 1069 508 1128 dici
536 1064 659 1128 debere'
684 1116 690 1129 .
714 1070 746 1129 in
770 1089 805 1129 ea
828 1070 958 1146 epistula
981 1069 1112 1129 rationes

96 1159 313 1238 grammaticas
345 1158 459 1235 posuit,
496 1178 550 1234 per
581 1177 656 1234 quas
689 1159 775 1218 docet
808 1152 937 1235 ‘pluria’
970 1157 1113 1217 Latinum

98 1267 179 1324 esse,
213 1240 332 1324 ‘plura’
365 1240 553 1326 barbarum),
585 1248 676 1306 Bruti
708 1249 821 1307 amicus
854 1253 885 1306 et
917 1266 985 1306 cum
1017 1267 1051 1306 eo
1082 1249 1114 1305 in

99 1336 261 1398 Caesarem
292 1336 479 1411 coniuratus,
516 1334 642 1396 Caesare
674 1336 832 1397 interfecto
864 1336 952 1394 Bruti
984 1337 1113 1414 legatus,

97 1427 152 1502 qui
179 1429 248 1502 post
275 1425 390 1484 cladem
413 1425 637 1502 Philippensem
662 1419 787 1504 alelen
811 1444 842 1486 se
865 1426 929 1501 ipse
952 1425 1113 1500 interfecit,

97 1515 229 1574 Antistii
251 1514 399 1574 Labeonis
422 1519 519 1590 pater.

190 1604 373 1679 Pomponius
387 1600 407 1678 ἕ
423 1604 465 1662 44
484 1601 649 1662 Pacuvium
664 1602 834 1661 Labeonem
851 1603 930 1662 inter
949 1622 999 1662 eos
1016 1603 1113 1662 Servii

100 1693 257 1752 suffitores
283 1693 430 1770 nominat,
459 1691 510 1768 qui
538 1692 631 1750 libros
659 1692 896 1766 conscripserunt
923 1693 961 1750 ab
989 1692 1111 1751 Aufidio

98 1782 236 1841 Namusa
272 1781 303 1840 in
334 1800 429 1840 unum
461 1799 568 1856 corpus
601 1780 743 1858 digestos.
798 1799 834 1838 ex
866 1779 956 1838 huius
988 1780 1113 1839 Pacuvii

99 1871 187 1929 libris
210 1871 380 1948 fragmenta
404 1870 520 1946 aliquot
543 1872 663 1928 servata
685 1887 750 1928 esse
774 1869 906 1928 conicere
929 1868 1014 1927 licet:
1042 1887 1112 1926 nam

30 2033 33 2042 Ι
100 1960 133 2018 10
152 1960 319 2018 Justiniani
337 1959 473 2034 Digestis
488 1953 660 2018 ‘Paconius'
680 1957 803 2035 quidam
821 1956 965 2016 laudatur
979 1962 1110 2016 ceterum

100 2050 233 2127 ignotus,
256 2048 288 2107 in
310 2049 377 2107 aliis
401 2046 491 2107 Oodd.
516 2041 689 2107 ‘Pacuuius'
712 2047 762 2106 vel
785 2039 956 2106 ‘Pacuvius'
980 2046 1112 2104 nomina-

100 2141 161 2197 100.
200 2137 362 2197 Paconium
385 2156 455 2196 vero
479 2136 606 2195 laudant
628 2139 660 2195 et
681 2136 794 2195 Paulus
818 2130 868 2214 (D.
888 2126 1111 2216 37,12,3pr.)

101 2231 133 2285 et
151 2225 299 2301 Ulpianus
318 2219 367 2308 (D.
386 2227 523 2304 13,6,1,
541 2219 584 2306 1),
606 2225 659 2283 1110
681 2225 758 2284 libro
778 2228 883 2284 octavo
903 2225 941 2283 ad
958 2223 1111 2282 Plautium

102 2309 150 2395 (P.
168 2308 277 2396 1150),
300 2316 349 2374 hic
371 2314 449 2374 libro
467 2315 608 2374 vicesimo
627 2316 733 2374 octavo
752 2313 791 2372 ad
809 2313 938 2372 edictum
959 2310 1006 2393 (P.
1023 2305 1111 2394 798).

101 2404 225 2481 Ρο0100,
247 2404 300 2480 qui
323 2404 417 2479 ipsius
436 2403 557 2463 Pacuuii
579 2405 672 2463 verba
692 2403 787 2475 affert,
811 2403 938 2461 fortasse
957 2402 1111 2460 Plautium

102 2495 223 2552 secutus
251 2495 305 2552 est.
351 2491 487 2570 Krueger
504 2512 532 2567 p.
554 2494 626 2552 157.
671 2509 719 2550 res
742 2491 839 2568 ipsae,
867 2509 941 2566 quas
963 2491 1111 2550 Paconius

100 2585 224 2658 tractat,
247 2581 372 2641 Pacuvii
394 2581 579 2656 temporibus
602 2599 662 2639 non
684 2582 862 2656 repugnant.
905 2579 1007 2654 itaque
1030 2580 1110 2654 frag·

100 2673 204 2730 menta
226 2671 280 2728 illa
301 2688 359 2728 nou
378 2669 517 2744 Pacuvio,
540 2668 593 2728 sed
614 2669 718 2746 ignoto
742 2667 860 2726 cuidam
878 2667 1008 2726 Paconio
1030 2667 1110 2724 haud

101 2760 261 2836 quisquam
283 2759 370 2818 facile
393 2759 549 2818 attribuet.

192 2847 319 2923 Scripsit
337 2847 487 2908 Pacuvius
509 2847 636 2906 fortasse
655 2845 693 2904 ad
712 2845 842 2904 edictum
861 2843 1017 2921 praetoris,
1040 2863 1111 2903 nam

102 2957 179 3014 quae
203 2937 239 2996 da
263 2937 417 2996 sententiis
442 2937 507 2995 cius
529 2935 608 2994 refer
651 2931 711 3012 tur,
735 2934 772 2992 ad
793 2934 824 2992 id
841 2934 1001 3011 pertinent.
1043 2952 1111 2992 cum

102 3025 252 3087 Pacuvius
275 3025 356 3085 circa
378 3045 404 3084 0.
425 3018 551 3103 669158
574 3027 664 3082 00100
684 3025 723 3082 011
742 3016 893 3104 (Pernice:
912 3023 1011 3082 Labeo
1026 3023 1049 3096 I,
1066 3015 1110 3104 9),

102 3113 254 3175 Ciceronis
281 3115 374 3173 verba
401 3106 452 3195 (de
474 3114 564 3190 legib.
586 3119 613 3190 1,
633 3115 661 3190 5,
683 3105 739 3195 17)
771 3113 806 3172 de
835 3106 1026 3190 ‘plerisque',
1059 3113 1111 3189 qui

102 3198 212 3264 ‘nunc'
246 3222 264 3262 a
295 3203 441 3280 praetoris
473 3202 570 3262 edicto
598 3201 795 3262 hauriendam
821 3202 896 3261 iuris
923 3201 1109 3276 disciplinam

102 3297 222 3370 putent,
259 3311 319 3352 uon
354 3292 441 3351 modo
478 3291 516 3349 ad
546 3293 646 3368 ipsum
679 3291 827 3367 Servium,
864 3290 916 3349 sed
948 3290 1038 3348 etiam
1071 3289 1110 3346 ad

101 3381 180 3441 hunc
218 3381 284 3440 eius
321 3380 501 3457 discipulum
536 3381 643 3439 referri
678 3381 807 3456 possint,
848 3378 900 3455 qui
932 3397 958 3436 a.
984 3371 1108 3454 702s52

101 3471 291 3549 trigesimum
314 3488 425 3529 annum
448 3469 556 3528 aetatis
579 3470 640 3528 iam
664 3468 865 3543 superaverat.
