2602 3912
140 201 183 250 12.
205 194 385 262 QMUOIUS
407 195 531 251 sclav.
552 227 584 236 -
605 201 645 250 13.
670 195 707 251 M.
725 195 849 252 IUNIUS
868 193 1072 252 GRACCHAN.
1106 196 1147 260 37

139 364 325 424 consultores
358 382 429 424 suos
455 381 668 440 nonnunquam
697 364 736 424 ad
761 365 888 424 Furium
915 369 946 425 et
972 364 1150 426 Cascellium

137 453 346 530 praediatores
369 453 530 513 reiioiebet.

303 747 371 830 13.
407 752 455 826 M.
482 751 647 826 IUNIUS
677 750 996 826 GRACCHANUS

230 895 306 956 Plin.
324 915 353 956 n
372 895 400 956 h.
421 897 472 975 33,
488 897 529 956 36
559 889 691 969 ‘Iunius,
790 895 842 972 qui
869 895 907 954 ab
934 895 1067 955 amicitia
1089 895 1154 955 eius

139 977 196 1064 (so.
232 982 263 1044 Ο.
296 977 436 1065 Gracchi)
474 983 667 1045 Gracchanus
704 984 874 1060 appellatus
911 986 970 1060 est,
1007 984 1152 1061 seriptum

138 1067 275 1150 reliquit'
298 1077 329 1132 et
352 1094 378 1150 q.
394 1091 431 1151 s.,
452 1093 480 1135 v.
495 1073 531 1132 fr.
547 1075 576 1133 9.
782 1095 785 1109 ’

231 1160 290 1221 Cio.
305 1160 341 1222 ‹le
356 1162 413 1238 leg.
429 1164 458 1240 3,
474 1165 525 1240 20,
540 1164 581 1224 49
601 1155 754 1222 ‘Arrroue
770 1209 777 1222 .
792 1209 798 1220 .
814 1207 820 1220 .
835 1161 1005 1222 faciendum
1022 1161 1079 1221 tibi
1098 1166 1152 1240 est,

139 1253 175 1310 nt
195 1293 247 1309 ...
267 1250 304 1310 de
322 1254 508 1328 potestatum
525 1251 591 1310 iuro
610 1251 754 1328 disputes.
793 1250 925 1311 Mauors
945 1295 996 1314 ...
1014 1250 1152 1326 pluribus

139 1340 242 1401 verbis
265 1340 385 1416 scripsit
407 1341 445 1400 ad
467 1342 585 1416 patrem
607 1343 696 1400 tuum
717 1340 757 1400 ll.
780 1339 885 1400 Iunius
909 1339 1032 1417 sodalis,
1055 1339 1151 1415 perite

16 1495 18 1510 y
139 1447 208 1489 meo
250 1429 371 1506 quidem
411 1429 520 1488 iudicio
557 1432 588 1488 et
624 1421 805 1509 diligenter?
861 1426 1150 1488 Commentariorum

138 1517 261 1578 nomine
274 1518 331 1594 hoo
345 1518 445 1594 ipsum
459 1536 535 1594 opus
546 1517 713 1577 Varronem
727 1516 883 1594 designare
899 1509 950 1596 (de
964 1516 998 1576 L.
1008 1517 1041 1576 L.
1054 1519 1083 1592 6,
1094 1507 1151 1597 95)

16 1667 17 1688 ἶ
139 1609 247 1667 eontra
270 1605 459 1666 Husehkium
482 1606 620 1667 arbitror.

264 1783 314 1842 De
337 1783 590 1860 potestatibus
612 1782 700 1842 libri
723 1781 767 1841 ad
788 1780 1029 1858 Pomponium.

230 1898 353 1975 Septem
371 1898 527 1958 minimum
545 1898 617 1958 libri
634 1898 764 1959 fuerunt.
802 1915 903 1956 rerum
922 1895 994 1956 ordo
1014 1897 1151 1976 eognosoi

17 1987 18 2038 ἶ
139 1987 254 2064 nequit.

549 2083 659 2144 Liber
680 2083 748 2144 VII.

17 2245 19 2284 ᾖ
232 2197 259 2260 1.
292 2193 333 2259 Ι).
359 2197 391 2273 1,
412 2194 467 2275 13,
488 2197 505 2259 1
525 2217 571 2280 pr.
616 2193 777 2280 Ulpianus
809 2193 892 2259 libro
924 2193 1083 2280 singulari
1113 2193 1153 2260 de

141 2283 248 2350 officio
272 2285 454 2367 quaestoris
478 2281 526 2368 (P.
540 2282 652 2370 2252).
678 2319 715 2331 -
742 2281 951 2349 Gracchanus
971 2281 1152 2349 ..Iunius

18 2353 19 2414 ἶ
141 2373 227 2438 libro
256 2372 395 2456 septimo
421 2371 460 2436 de
482 2373 701 2456 potestatibus
725 2371 823 2437 etiam
845 2371 954 2454 ipsum
976 2371 1153 2438 Romulum

18 2523 19 2526 ,
142 2466 175 2526 et
211 2460 354 2527 Numam
390 2459 587 2546 Pompilium
627 2461 722 2526 binos
764 2465 950 2546 quaestores
991 2459 1154 2546 habuisse,

144 2571 224 2635 quos
248 2549 313 2634 ipsi
335 2571 402 2615 non
426 2571 484 2614 sua
506 2571 594 2634 voce,
618 2550 673 2615 sed
691 2549 803 2634 populi
822 2547 978 2634 suffragio
998 2553 1153 2634 crearent,

18 2649 19 2688 3
142 2637 250 2705 refert

232 2728 261 2792 2.
285 2725 367 2792 Ibid.
386 2728 406 2808 ξ
423 2729 451 2792 1.
477 2762 516 2774 -
542 2731 575 2792 et
597 2749 617 2791 a
637 2747 753 2810 genere
771 2723 944 2810 quaerendi
963 2727 1151 2810 quaestores

19 2869 20 2874 ,
142 2816 239 2882 initio
254 2815 358 2881 dictos
373 2821 406 2881 et
414 2814 527 2881 Iunius
542 2820 575 2882 et
585 2815 757 2896 Trebatius
767 2818 800 2879 et
809 2811 990 2880 Fenestella
1000 2814 1152 2881 scribunt.

463 2997 513 3056 Ex
540 2997 694 3058 incertis
720 2995 835 3056 libris.

232 3108 263 3172 2.
289 3105 464 3174 Censorio.
492 3108 543 3173 20.
567 3143 610 3154 -
633 3108 766 3174 Annum
804 3110 984 3172 vertentem
1029 3107 1152 3172 Romae

145 3195 290 3262 Licinius
314 3195 443 3281 quidem
461 3195 570 3262 Macer
594 3202 627 3260 et
648 3199 763 3280 postea
780 3194 962 3261 Fenestella
980 3196 1092 3260 statim
1111 3197 1152 3259 ab

144 3286 239 3350 initio
260 3285 427 3350 duodecim
447 3285 605 3351 mensium
623 3284 723 3350 fuisse
737 3285 941 3369 seripserunt.
978 3284 1033 3349 sed
1047 3285 1152 3367 magis

145 3371 237 3439 Iunio
272 3371 461 3440 Gracchano
493 3379 527 3439 et
555 3372 671 3438 Fulvio
704 3377 737 3438 et
764 3373 906 3438 Varroni
938 3377 970 3437 et
998 3371 1152 3437 Suetonio

21 3507 22 3510 κ
146 3462 281 3547 aliisque
315 3461 521 3547 eredendum,
552 3463 608 3548 qui
634 3463 744 3527 decem
772 3461 930 3525 mensium
957 3461 1154 3543 putaverunt

146 3551 245 3616 luisse
282 3555 319 3615 ut
341 3555 418 3616 tuno
442 3550 579 3616 Albanis
602 3555 686 3636 erat,
707 3549 791 3614 unde
815 3549 879 3613 orti
901 3547 1049 3612 Romani.
