2588 3908
164 213 230 278 218
268 213 315 268 vr.
337 212 472 268 ocrnvr
490 211 589 268 sanc.
608 212 704 268 mars
723 211 898 268 consum.
914 209 1038 268 sanias
1057 209 1174 264 parua
1284 233 1285 270 ᾗ

85 413 88 419 -
164 379 198 442 iu
212 377 320 443 locum
334 375 485 458 defuncti,
503 375 684 440 nonhabet
698 375 836 440 directas
852 375 1005 456 actiones,
1022 379 1055 438 et
1068 371 1174 458 n‘eque

164 465 197 530 id
225 465 311 550 quod
338 465 479 530 defuncti
505 463 581 546 fuit,
613 468 723 548 potest
750 463 916 528 intendere
944 462 1053 527 ‘suum
1081 462 1176 543 esse',

164 575 268 638 neque
295 553 328 618 id
357 555 442 638 quod
470 554 500 618 ei
522 552 712 633 debebatur,
740 556 849 637 potest
871 551 1036 616 intendere
1059 551 1175 635 (dari)
1284 619 1285 624 .

165 643 228 708 sibi
256 641 436 727 oportere'3
467 643 576 726 itaque
603 643 678 707 ficto
712 663 746 706 se
774 641 891 705 herede
920 640 1058 705 intendit
1085 641 1177 704 velut
1285 709 1286 714 .

164 731 227 795 hoc
256 731 366 796 modo:
398 730 509 795 ‘iudex
536 734 615 795 esto.
661 731 690 795 si
719 731 758 794 A.
781 729 921 813 Agerius
951 726 998 816 (id
1027 731 1077 793 eet
1103 729 1175 812 ipse

167 819 270 904 actor)
295 819 328 884 h.
349 819 434 884 Titio
457 819 551 884 heres
574 825 668 902 esset,
692 822 762 882 tum
785 817 835 901 (si
858 818 953 902 eum>
975 817 1111 882 fundum
1134 817 1175 882 de

167 930 230 992 quo
260 910 367 994 agitur
394 929 433 990 ex
459 907 529 972 iure
553 906 726 983 Quiritium
754 907 823 972 eius
852 928 920 971 esse
944 909 1108 990 oporteret
1131 906 1175 972 ..'

166 997 315 1061 similiter
342 999 375 1060 et
399 998 559 1061 bonorum
584 1000 710 1080 emptor
732 997 807 1060 ficto
831 1017 865 1059 se
889 995 1004 1060 herede
1028 995 1098 1078 agit
1284 989 1287 1006 “

165 1087 287 1170 species
311 1085 446 1149 actionis
476 1106 540 1169 qua
562 1085 638 1150 ficto
667 1106 702 1149 se
724 1084 841 1149 herede
864 1083 1022 1149 bonorum
1046 1087 1176 1168 emptor

166 1176 250 1260 agit,
273 1171 428 1238 Serviano
449 1172 633 1256 (vocatur).

253 1263 283 1327 2.
315 1261 340 1328 Ι.
359 1263 397 1326 de
417 1267 477 1327 act.
495 1263 530 1346 4,
549 1263 583 1346 6,
602 1264 631 1326 7.
677 1260 831 1327 Serviane
850 1311 875 1326 ..
895 1282 933 1324 ex
956 1260 1057 1344 ipsius
1080 1282 1176 1344 prae-

165 1352 246 1416 toris
270 1351 507 1416 iurisdictione
527 1351 741 1416 substantiam
760 1350 854 1434 capit
892 1348 1045 1414 Serviane
1064 1352 1175 1414 autem

166 1439 328 1524 experitur
352 1440 423 1524 quis
447 1440 485 1504 de
508 1440 603 1504 rebus
623 1440 737 1522 coloni,
760 1461 842 1523 quae
860 1439 1006 1523 pignoris
1024 1437 1094 1502 iure
1112 1459 1173 1522 pro

165 1528 363 1592 mercedibus
386 1529 479 1592 fundi
501 1529 530 1592 ei
552 1532 712 1593 tenentur.

253 1621 302 1682 Ad
329 1623 498 1699 exemplum
524 1623 615 1682 huius
638 1622 799 1682 Servianae
828 1620 953 1680 actionis
981 1615 1084 1697 ‘quasi
1108 1620 1176 1678 Ser-

164 1705 265 1771 viana'
287 1715 394 1788 postea
415 1711 588 1771 introducta
610 1714 665 1788 est,
688 1728 764 1786 quae
788 1713 819 1768 et
840 1709 1058 1786 hypothecaria
1080 1709 1177 1768 nomi-

164 1803 261 1860 natur.
308 1800 493 1878 hypothecae
520 1818 591 1859 vero
619 1802 689 1857 ante
712 1797 898 1856 Hadrianum
922 1816 1071 1874 nusquam
1094 1797 1176 1873 apud

164 1889 239 1948 iuris
258 1891 409 1949 consultos
424 1889 574 1948 Romanos
593 1887 705 1946 mentio
724 1885 770 1945 fit:
790 1906 886 1962 neque
901 1885 934 1957 Q.
947 1885 1062 1945 Mucius
1078 1905 1177 1963 neque

166 1977 286 2038 Servius
309 1996 405 2054 neque
424 1977 551 2035 Alfenus
575 1994 671 2050 neque
689 1975 790 2035 Labeo
813 1994 909 2050 neque
929 1975 1057 2034 Sabinus
1078 1993 1176 2052 neque

166 2063 287 2124 Cassius
301 2085 398 2140 neque
411 2064 556 2124 Proculus
570 2082 666 2140 neque
682 2062 784 2123 Celsus
800 2057 1021 2141 ‘hypothecam'
1030 2064 1177 2124 nominat.

164 2153 295 2228 primum
327 2154 513 2228 hypothecae
544 2171 652 2211 nomen
681 2152 835 2213 invenitur
862 2153 942 2228 apud
970 2151 1092 2230 Gaium,
1125 2152 1178 2228 qui

166 2235 215 2299 ‘ad
244 2242 375 2300 edictum
399 2235 592 2317 provinciale’
616 2241 731 2316 amplos
754 2241 982 2301 commentarios
1006 2241 1176 2316 composuit

166 2322 212 2408 (P.
233 2323 409 2409 53-388),
432 2329 565 2406 itemque
587 2329 703 2405 primus
726 2323 775 2388 ‘de
796 2330 928 2389 formula
947 2322 1174 2406 hypothecaria'

164 2418 274 2477 librum
298 2418 482 2496 singularem
505 2419 672 2494 composuit
695 2410 742 2499 (P.
761 2410 960 2499 399-403).

252 2507 336 2566 Idem
360 2507 453 2567 Gaius
480 2507 595 2582 primus
621 2507 698 2567 libro
726 2526 804 2568 nono
833 2507 872 2566 ad
899 2507 1032 2566 edictum
1054 2507 1175 2582 provin-

164 2596 239 2656 ciale
272 2592 490 2677 (D.16,1,5
524 2596 556 2656 P.
577 2589 656 2678 229)
690 2591 794 2674 ‘quasi
827 2595 1002 2656 Servianum
1034 2614 1110 2672 quae
1144 2603 1175 2655 et

163 2687 377 2762 hypothecaria
405 2680 546 2746 vocatur'
573 2687 717 2745 nominat.
768 2684 864 2744 secuti
891 2687 962 2743 sunt
989 2684 1174 2758 Papinianus

164 2767 216 2854 (D.
240 2777 400 2851 20,1,1:
430 2769 515 2832 ‘utili
530 2767 732 2854 'Serviana'),
761 2774 924 2850 imperator
947 2771 1117 2832 Gordianus
1143 2773 1175 2831 in'

163 2863 309 2938 rescripto
334 2863 371 2920 ad
389 2863 560 2922 Aristonem
583 2863 653 2922 dato
674 2854 720 2944 (O.
736 2865 764 2940 8,
781 2865 809 2936 9,
827 2867 857 2920 1:
882 2856 1038 2921 ‘Seruiana
1057 2862 1174 2921 actione

131 3013 133 3018 ,
163 2950 212 3008 vel
235 2969 311 3025 quae
335 2951 373 3007 ad
396 2951 565 3024 exemplum
588 2950 653 3008 eius
676 2950 863 3022 instituitur,
891 2942 1003 3030 utilis’)
1028 2952 1059 3008 et
1081 2949 1174 3010 Iusti·

162 3037 270 3097 nianns
298 3030 336 3119 (I.
360 3039 395 3096 de
420 3040 475 3096 act.
499 3039 534 3114 4,
554 3041 588 3115 6,
609 3040 703 3113 7pr.:
741 3031 830 3097 ‘item
853 3038 997 3098 Serviana
1027 3042 1057 3098 et
1087 3038 1176 3115 quasi

164 3125 307 3186 Serviane
330 3145 406 3201 quae
429 3125 521 3184 etiam
544 3127 757 3202 hypothecaria
778 3120 943 3207 vocatur').

252 3215 339 3274 Certe
353 3234 390 3274 ne
405 3214 550 3274 Serviane
564 3215 684 3291 quidem
699 3215 776 3275 actio
791 3218 860 3275 ante
875 3215 1063 3274 Hadrianum
1077 3217 1174 3276 nomi·

162 3308 265 3365 natur:
289 3305 407 3365 demum
431 3323 499 3364 cum
517 3303 653 3363 Iulianus
672 3303 802 3364 edictum
820 3308 1019 3380 componeret,
1043 3305 1173 3382 singulis

163 3395 330 3454 actionibus
349 3398 431 3453 certa
448 3392 570 3452 nomina
586 3393 657 3452 data
671 3411 735 3452 esse
749 3393 896 3453 videntur.
930 3393 983 3470 qui
997 3393 1175 3453 Seruianam

162 3483 310 3543 actionem
341 3483 509 3559 nominant,
542 3481 573 3539 hi
605 3482 668 3540 fere
696 3485 778 3540 sunt:
811 3481 948 3540 Iulianus
976 3482 1173 3558 Digestorum

162 3569 240 3630 libro
269 3592 346 3632 nono
375 3563 425 3652 (D.
452 3573 505 3647 13,
526 3571 592 3648 7,8
622 3569 654 3628 P.
676 3561 753 3651 175)
782 3572 813 3628 et
839 3569 915 3628 libro
942 3570 1174 3646 quadragesimo
