2588 3908
340 233 364 282 8.
392 225 545 282 SERVIUS
563 226 747 283 SULPICIUS
765 227 885 282 RUFUS
1052 229 1118 294 203

109 398 210 473 ipsum
237 395 412 456 Africanum
438 396 638 456 inveniuntur.
689 396 781 455 verbe
808 400 940 455 extrema
967 416 985 455 a
1013 398 1117 458 Tribo-

107 487 199 545 niano
223 483 326 544 addita
348 484 496 544 videntur.
541 485 577 544 cf.
601 484 699 544 llisel's
722 485 835 545 Archiv
860 488 909 562 79,
929 485 1033 546 376ff.

201 578 273 642 114.
305 576 344 640 D.
365 577 415 659 19,
430 578 458 660 2,
480 576 530 660 15,
544 577 573 641 2.
618 575 708 640 Idem
732 574 921 664 (Ulpianus)
948 577 1032 642 libro
1060 579 1116 642 tri·

108 667 234 752 gesimo
259 665 398 730 secuudo
427 665 466 729 ad
492 667 632 730 edictum
656 663 706 752 (P.
725 665 813 752 949).
860 663 894 730 si
921 665 968 730 vis
997 670 1117 750 tempe-

111 757 208 821 statis
240 755 448 820 calamitosae
480 755 668 839 eontigerit,
701 776 742 818 an
774 754 899 819 locator
931 756 1117 822 conductori

107 844 231 929 aliquid
259 848 424 928 praestare
451 843 581 925 debeat,
609 843 786 907 videamus.
832 841 963 908 Servius
987 865 1115 910 omnem

59 997 61 1004 Α
108 934 186 1018 vim,
209 933 260 998 cui
278 932 386 996 resisti
405 953 471 996 non
489 936 606 1016 potest,
631 931 796 996 dominum
817 933 931 998 colono
952 937 1116 1016 praestare

108 1022 225 1086 debere
253 1022 313 1106 ait,
341 1027 378 1085 ut
404 1025 483 1105 puta
505 1019 675 1085 fluminum
699 1022 902 1106 graculorum
931 1027 1115 1087 sturnorum

107 1116 142 1175 et
170 1112 199 1176 si
227 1110 303 1194 quid
333 1110 438 1174 simile
467 1109 633 1194 acciderit,
666 1115 722 1173 aut
749 1110 778 1174 si
801 1111 948 1175 incursus
972 1111 1114 1176 hostium

106 1201 179 1264 fiat:
218 1199 246 1263 si
279 1221 342 1282 qua
373 1202 481 1263 tamen
508 1197 590 1263 vitia
618 1219 657 1262 ex
684 1200 760 1282 ipsc·
783 1220 817 1263 re
846 1199 1006 1282 oriantur,
1037 1199 1117 1264 haec

106 1290 226 1354 damno
247 1287 354 1353 coloni
373 1308 452 1371 esse,
474 1287 575 1351 veluti
595 1287 622 1350 si
641 1286 751 1352 vinum
771 1289 940 1369 coacuerit,
964 1289 992 1352 si
1010 1289 1115 1353 raucis

107 1382 166 1442 ant
197 1376 308 1440 herbis
337 1379 463 1462 segetes
492 1379 662 1459 corruptae
691 1376 765 1440 sint.
821 1377 875 1441 sed
903 1381 936 1441 et
968 1379 997 1442 si
1024 1377 1115 1442 labes

106 1467 194 1532 facta
221 1468 265 1530 sit
295 1486 486 1550 omnemque
509 1465 649 1528 fructum
672 1465 801 1548 tulerit,
834 1465 986 1530 damnum
1009 1467 1116 1531 coloni

105 1577 172 1621 non
196 1576 277 1636 esse,
299 1575 338 1617 ne
363 1576 460 1637 supra
484 1553 637 1616 damnum
662 1553 793 1618 seminis
818 1553 930 1618 amissi
953 1555 1115 1620 mercedes

106 1643 178 1730 agri
202 1646 367 1726 praestare
391 1645 536 1726 cogatur.
573 1642 629 1706 sed
648 1647 681 1704 et
700 1664 728 1705 s1
719 1641 844 1706 uredo
863 1642 949 1707 fruct
935 1648 1003 1707 tum
1025 1644 1115 1708 oleae

105 1732 287 1816 corruperit
314 1736 372 1795 aut
398 1731 477 1795 solis
501 1731 627 1794 fervore
653 1753 718 1794 non
742 1729 875 1795 adsueto
897 1719 930 1794 id
954 1733 1116 1818 acciderit,

106 1823 260 1886 damnum
284 1821 406 1884 domini
429 1819 586 1884 futurum:
611 1820 639 1883 si
663 1841 738 1884 vcro
762 1819 922 1883 nihili
869 1823 922 1884 ext
924 1842 961 1884 ra
983 1842 1116 1885 eonsue-

106 1909 254 1976 tudinem
278 1909 430 1974 aeoiderit
435 1959 442 1988 ‚
416 1908 620 1973 tdemnum
643 1908 750 1973 coloni
773 1929 852 1972 esse.
898 1908 1045 1992 idemque
1068 1910 1114 1974 di·

106 1999 252 2080 cendum,
275 1999 302 2062 si
326 2001 484 2062 exereitus
508 1998 706 2079 praeteriens
729 2019 787 2081 per
806 1997 973 2062 lasciviam
993 1998 1115 2081 aliquid

105 2087 252 2153 abstulit.
294 2086 350 2150 sed
374 2090 407 2150 et
430 2086 458 2150 si
481 2105 558 2169 ager
580 2091 801 2150 terraemotu
820 2088 867 2151 ita
889 2087 1055 2170 corruerit,
1078 2092 1115 2151 ut

105 2197 265 2261 nusquam
285 2175 335 2258 sit,
354 2175 471 2238 damno
492 2173 614 2239 domini
633 2196 716 2239 esse:
736 2179 884 2259 oportere
899 2176 984 2239 enim
1000 2197 1114 2262 agrum

106 2264 267 2352 praestari
290 2262 491 2346 conductori,
514 2267 551 2326 nt
572 2263 637 2327 frui
660 2263 772 2348 possit.

195 2367 334 2426 Seruium
352 2366 445 2425 etism
461 2365 682 2442 provinciarum
700 2366 848 2426 rationem
864 2367 973 2426 habere
986 2367 1115 2427 fortasse

104 2457 198 2518 verba
216 2449 365 2516 ‘incursus
383 2449 527 2514 hostium'
547 2458 578 2513 et
592 2448 750 2514 ‘exercitus
764 2451 960 2530 praeteriens'
973 2457 1114 2516 indicant.

105 2545 143 2607 cf.
162 2545 255 2606 Gaius
278 2543 356 2604 libro
380 2563 457 2603 nono
482 2543 519 2601 ad
540 2543 672 2602 edietum
690 2543 872 2619 provinciale
891 2535 942 2624 (D.
964 2546 1012 2617 13,
1028 2547 1056 2621 6,
1074 2547 1113 2604 18

105 2636 137 2696 Ρ.
158 2631 251 2714 208):
275 2627 438 2692 ‘latronum
459 2632 650 2708 hostiumque
665 2624 830 2690 incursus.

411 2774 458 2830 Dc
473 2777 548 2830 solta
560 2789 697 2845 pascuam
715 2775 810 2828 locato.

196 2877 269 2942 115.
306 2875 345 2942 D.
371 2875 420 2958 19,
439 2877 468 2958 2,
494 2875 544 2953 19,
564 2877 593 2940 1.
643 2873 806 2960 Ulpianus
834 2873 917 2938 libro
945 2874 1114 2960 trigesimo

105 2967 247 3032 secundo
276 2965 316 3029 ad
345 2964 484 3028 edictum
509 2961 558 3050 (P.
577 2961 683 3050 951³),
731 2960 766 3028 Si
790 2963 862 3049 quis
886 2963 974 3028 dolia
995 2964 1115 3030 vitiosa

104 3058 239 3142 ignarus
267 3053 436 3136 locaverit,
470 3054 585 3118 deinde
613 3054 723 3118 vinnm
746 3051 920 3136 effluxerit,
951 3053 1116 3118 tenebitur

103 3144 193 3209 inid
218 3142 307 3228 quod
327 3143 463 3206 interest
484 3163 543 3208 neo
566 3142 751 3228 ignorantia
774 3142 843 3207 eius
868 3142 929 3206 erit
950 3146 1113 3206 excusata:

104 3239 138 3298 et
156 3233 205 3298 ita
219 3231 352 3297 Cassius
372 3231 510 3315 scripsit.
543 3232 639 3296 aliter
658 3235 753 3315 etque
773 3233 800 3294 si
821 3232 939 3295 saltum
958 3252 1114 3314 pascuum

104 3322 237 3405 locasti,
268 3321 301 3384 in
330 3341 394 3404 quo
421 3319 524 3384 herba
550 3322 637 3385 mala
659 3320 866 3384 nascebatur:
899 3319 951 3383 hic
977 3319 1062 3382 enim
1087 3319 1114 3382 si

105 3431 224 3494 pecora
251 3407 303 3474 vel
331 3411 499 3474 demortua
527 3414 604 3473 sunt
632 3409 682 3473 vel
711 3409 809 3472 ctiam
837 3407 998 3472 deteriora
1019 3407 1114 3490 fecta,

106 3499 198 3584 quod
216 3498 353 3562 interest
374 3498 603 3581 praestabitur,
628 3499 654 3562 ei
674 3495 778 3580 scisti3
801 3497 828 3560 si
846 3496 1016 3580 ignorasti,
1038 3515 1113 3580 pen-

106 3589 230 3652 sionem
254 3609 319 3652 non
343 3591 443 3670 petes,
466 3591 499 3650 et
521 3587 569 3651 ita
593 3585 703 3651 Servio
802 3584 931 3668 placuit.
