<?xml version="1.0" encoding="UTF-8"?>
<!DOCTYPE html PUBLIC "-//W3C//DTD XHTML 1.0 Transitional//EN"
    "http://www.w3.org/TR/xhtml1/DTD/xhtml1-transitional.dtd">
<html xmlns="http://www.w3.org/1999/xhtml" xml:lang="en" lang="en">
 <head>
  <title>
</title>
<meta http-equiv="Content-Type" content="text/html;charset=utf-8" />
  <meta name='ocr-system' content='tesseract 3.04.00' />
  <meta name='ocr-capabilities' content='ocr_page ocr_carea ocr_par ocr_line ocrx_word'/>
</head>
<body>
  <div class='ocr_page' id='page_1' title='image "./iurisprudentiae05bremgoog_0322.png"; bbox 0 0 2598 3910; ppageno 0'>
   <div class='ocr_carea' id='block_1_1' title="bbox 174 179 1191 246">
    <p class='ocr_par' dir='ltr' id='par_1_1' title="bbox 174 179 1191 246">
     <span class='ocr_line' id='line_1_1' title="bbox 174 179 1191 246; baseline -0.001 -8"><span class='ocrx_word' id='word_1_1' title='bbox 174 182 243 246; x_wconf 78' lang='grc'><strong>312</strong></span> <span class='ocrx_word' id='word_1_2' title='bbox 270 181 343 237; x_wconf 86' lang='lat' dir='ltr'><strong>VIII.</strong></span> <span class='ocrx_word' id='word_1_3' title='bbox 359 179 491 236; x_wconf 82' lang='lat' dir='ltr'><strong>OOTAVI</strong></span> <span class='ocrx_word' id='word_1_4' title='bbox 506 180 712 237; x_wconf 82' lang='lat' dir='ltr'><strong>SAEC.1URIS</strong></span> <span class='ocrx_word' id='word_1_5' title='bbox 728 180 901 237; x_wconf 71' lang='lat' dir='ltr'><strong>consum.</strong></span> <span class='ocrx_word' id='word_1_6' title='bbox 912 181 1037 236; x_wconf 75' lang='lat' dir='ltr'><strong>snmus</strong></span> <span class='ocrx_word' id='word_1_7' title='bbox 1052 181 1191 237; x_wconf 81' lang='lat' dir='ltr'><strong>TERTIA</strong></span> 
     </span>
    </p>
   </div>
   <div class='ocr_carea' id='block_1_2' title="bbox 113 343 1280 502">
    <p class='ocr_par' dir='ltr' id='par_1_2' title="bbox 113 343 1280 502">
     <span class='ocr_line' id='line_1_2' title="bbox 179 343 1280 430; baseline 0 -20"><span class='ocrx_word' id='word_1_8' title='bbox 179 343 279 430; x_wconf 67' lang='lat' dir='ltr'><strong>dicu:</strong></span> <span class='ocrx_word' id='word_1_9' title='bbox 308 345 358 409; x_wconf 90' lang='lat' dir='ltr'><strong>ius</strong></span> <span class='ocrx_word' id='word_1_10' title='bbox 385 366 451 409; x_wconf 91' lang='lat' dir='ltr'><strong>non</strong></span> <span class='ocrx_word' id='word_1_11' title='bbox 479 365 549 410; x_wconf 82' lang='lat' dir='ltr'><strong>esse</strong></span> <span class='ocrx_word' id='word_1_12' title='bbox 577 345 668 410; x_wconf 88' lang='lat' dir='ltr'><strong>illum</strong></span> <span class='ocrx_word' id='word_1_13' title='bbox 696 344 853 428; x_wconf 82' lang='lat' dir='ltr'><strong>parietem</strong></span> <span class='ocrx_word' id='word_1_14' title='bbox 881 345 928 409; x_wconf 87' lang='lat' dir='ltr'><strong>ita</strong></span> <span class='ocrx_word' id='word_1_15' title='bbox 954 344 1131 427; x_wconf 87' lang='lat' dir='ltr'><strong>proiectum</strong></span> <span class='ocrx_word' id='word_1_16' title='bbox 1157 346 1194 410; x_wconf 93' lang='lat' dir='ltr'><strong>in</strong></span> <span class='ocrx_word' id='word_1_17' title='bbox 1279 371 1280 376; x_wconf 47' lang='lat'>¹</span> 
     </span>
     <span class='ocr_line' id='line_1_3' title="bbox 113 430 759 502; baseline -0.008 -1"><span class='ocrx_word' id='word_1_18' title='bbox 113 497 115 502; x_wconf 86' lang='lat'><strong>.</strong></span> <span class='ocrx_word' id='word_1_19' title='bbox 178 456 272 499; x_wconf 91' lang='lat' dir='ltr'><strong>suum</strong></span> <span class='ocrx_word' id='word_1_20' title='bbox 296 455 366 499; x_wconf 89' lang='lat' dir='ltr'><strong>esse</strong></span> <span class='ocrx_word' id='word_1_21' title='bbox 389 430 492 498; x_wconf 86' lang='lat' dir='ltr'><strong>invito</strong></span> <span class='ocrx_word' id='word_1_22' title='bbox 516 454 559 498; x_wconf 88' lang='lat' dir='ltr'><strong>se.</strong></span> <span class='ocrx_word' id='word_1_23' title='bbox 756 445 759 454; x_wconf 82' lang='lat'><strong><em>‘</em></strong></span> 
     </span>
    </p>
   </div>
   <div class='ocr_carea' id='block_1_3' title="bbox 268 553 666 630">
    <p class='ocr_par' dir='ltr' id='par_1_3' title="bbox 268 553 666 630">
     <span class='ocr_line' id='line_1_4' title="bbox 268 553 666 630; baseline -0.008 -15"><span class='ocrx_word' id='word_1_24' title='bbox 268 555 304 615; x_wconf 85' lang='lat' dir='ltr'><strong>cf.</strong></span> <span class='ocrx_word' id='word_1_25' title='bbox 328 553 425 616; x_wconf 82' lang='lat' dir='ltr'><strong>Servii</strong></span> <span class='ocrx_word' id='word_1_26' title='bbox 447 571 591 630; x_wconf 85' lang='lat' dir='ltr'><strong>responsa</strong></span> <span class='ocrx_word' id='word_1_27' title='bbox 615 555 666 614; x_wconf 79' lang='lat'><strong>82.</strong></span> 
     </span>
    </p>
   </div>
   <div class='ocr_carea' id='block_1_4' title="bbox 141 647 1284 1467">
    <p class='ocr_par' dir='ltr' id='par_1_4' title="bbox 141 647 1284 1467">
     <span class='ocr_line' id='line_1_5' title="bbox 141 647 1281 760; baseline -0.002 -20"><span class='ocrx_word' id='word_1_28' title='bbox 141 745 144 750; x_wconf 66' lang='grc'>,</span> <span class='ocrx_word' id='word_1_29' title='bbox 268 675 319 740; x_wconf 85' lang='grc'><strong>63.</strong></span> <span class='ocrx_word' id='word_1_30' title='bbox 339 673 377 738; x_wconf 90' lang='lat' dir='ltr'><strong>D.</strong></span> <span class='ocrx_word' id='word_1_31' title='bbox 388 674 418 755; x_wconf 86' lang='lat'><strong>8,</strong></span> <span class='ocrx_word' id='word_1_32' title='bbox 427 673 457 757; x_wconf 84' lang='lat'><strong>5,</strong></span> <span class='ocrx_word' id='word_1_33' title='bbox 470 674 520 755; x_wconf 76' lang='lat'><strong>17,</strong></span> <span class='ocrx_word' id='word_1_34' title='bbox 531 674 560 738; x_wconf 84' lang='lat'><strong>2.</strong></span> <span class='ocrx_word' id='word_1_35' title='bbox 584 673 721 738; x_wconf 83' lang='lat' dir='ltr'><strong>Alfenus</strong></span> <span class='ocrx_word' id='word_1_36' title='bbox 736 672 819 737; x_wconf 91' lang='lat' dir='ltr'><strong>libro</strong></span> <span class='ocrx_word' id='word_1_37' title='bbox 831 671 970 738; x_wconf 88' lang='lat' dir='ltr'><strong>seeundo</strong></span> <span class='ocrx_word' id='word_1_38' title='bbox 981 671 1195 760; x_wconf 83' lang='lat' dir='ltr'><strong>Digestorum</strong></span> <span class='ocrx_word' id='word_1_39' title='bbox 1279 647 1281 670; x_wconf 28' lang='grc' dir='ltr'><em>Α</em></span> 
     </span>
     <span class='ocr_line' id='line_1_6' title="bbox 180 760 1282 852; baseline 0 -24"><span class='ocrx_word' id='word_1_40' title='bbox 180 763 228 847; x_wconf 87' lang='lat' dir='ltr'><strong>(P.</strong></span> <span class='ocrx_word' id='word_1_41' title='bbox 247 764 283 846; x_wconf 81' lang='lat'><strong>4,</strong></span> <span class='ocrx_word' id='word_1_42' title='bbox 302 761 348 848; x_wconf 78' lang='lat'><strong>2).</strong></span> <span class='ocrx_word' id='word_1_43' title='bbox 394 761 575 827; x_wconf 79' lang='lat' dir='ltr'><strong>Secundum</strong></span> <span class='ocrx_word' id='word_1_44' title='bbox 604 761 693 827; x_wconf 89' lang='lat' dir='ltr'><strong>euius</strong></span> <span class='ocrx_word' id='word_1_45' title='bbox 716 760 873 845; x_wconf 85' lang='lat' dir='ltr'><strong>parietem</strong></span> <span class='ocrx_word' id='word_1_46' title='bbox 896 761 1023 826; x_wconf 84' lang='lat' dir='ltr'><strong>vicinus</strong></span> <span class='ocrx_word' id='word_1_47' title='bbox 1047 764 1195 828; x_wconf 90' lang='lat' dir='ltr'><strong>sterculi·</strong></span> <span class='ocrx_word' id='word_1_48' title='bbox 1281 831 1282 852; x_wconf 59' lang='lat'><strong>,</strong></span> 
     </span>
     <span class='ocr_line' id='line_1_7' title="bbox 179 849 1282 935; baseline 0 -19"><span class='ocrx_word' id='word_1_49' title='bbox 179 874 258 917; x_wconf 90' lang='lat' dir='ltr'><strong>num</strong></span> <span class='ocrx_word' id='word_1_50' title='bbox 278 851 408 934; x_wconf 77' lang='lat' dir='ltr'><strong>fecerat,</strong></span> <span class='ocrx_word' id='word_1_51' title='bbox 426 872 464 915; x_wconf 86' lang='lat' dir='ltr'><strong>ex</strong></span> <span class='ocrx_word' id='word_1_52' title='bbox 483 873 546 935; x_wconf 93' lang='lat' dir='ltr'><strong>quo</strong></span> <span class='ocrx_word' id='word_1_53' title='bbox 565 850 673 934; x_wconf 83' lang='lat' dir='ltr'><strong>paries</strong></span> <span class='ocrx_word' id='word_1_54' title='bbox 691 849 906 933; x_wconf 87' lang='lat' dir='ltr'><strong>madescebat,</strong></span> <span class='ocrx_word' id='word_1_55' title='bbox 924 850 1196 935; x_wconf 83' lang='lat' dir='ltr'><strong>consulebat[ur],</strong></span> <span class='ocrx_word' id='word_1_56' title='bbox 1281 929 1282 934; x_wconf 8' lang='grc' dir='ltr'>γ</span> 
     </span>
     <span class='ocr_line' id='line_1_8' title="bbox 181 939 1282 1026; baseline 0.001 -22"><span class='ocrx_word' id='word_1_57' title='bbox 181 939 451 1026; x_wconf 80' lang='lat' dir='ltr'><strong>quemadmodum</strong></span> <span class='ocrx_word' id='word_1_58' title='bbox 474 944 586 1024; x_wconf 88' lang='lat' dir='ltr'><strong>posset</strong></span> <span class='ocrx_word' id='word_1_59' title='bbox 607 939 748 1004; x_wconf 90' lang='lat' dir='ltr'><strong>vicinum</strong></span> <span class='ocrx_word' id='word_1_60' title='bbox 772 959 899 1023; x_wconf 83' lang='lat' dir='ltr'><strong>cogere,</strong></span> <span class='ocrx_word' id='word_1_61' title='bbox 922 943 959 1004; x_wconf 91' lang='lat' dir='ltr'><strong>ut</strong></span> <span class='ocrx_word' id='word_1_62' title='bbox 981 942 1195 1006; x_wconf 76' lang='lat' dir='ltr'><strong>sterculinum</strong></span> <span class='ocrx_word' id='word_1_63' title='bbox 1281 977 1282 1016; x_wconf 54' lang='grc' dir='ltr'><strong>ς</strong></span> 
     </span>
     <span class='ocr_line' id='line_1_9' title="bbox 180 1019 1283 1114; baseline -0.001 -19"><span class='ocrx_word' id='word_1_64' title='bbox 180 1029 319 1095; x_wconf 88' lang='lat' dir='ltr'><strong>tolleret.</strong></span> <span class='ocrx_word' id='word_1_65' title='bbox 365 1027 531 1112; x_wconf 86' lang='lat' dir='ltr'><strong>respondi,</strong></span> <span class='ocrx_word' id='word_1_66' title='bbox 557 1028 642 1092; x_wconf 89' lang='lat' dir='ltr'><strong>siin</strong></span> <span class='ocrx_word' id='word_1_67' title='bbox 665 1029 736 1094; x_wconf 88' lang='lat' dir='ltr'><strong>loeo</strong></span> <span class='ocrx_word' id='word_1_68' title='bbox 758 1027 890 1113; x_wconf 86' lang='lat' dir='ltr'><strong>publico</strong></span> <span class='ocrx_word' id='word_1_69' title='bbox 913 1027 947 1092; x_wconf 92' lang='lat' dir='ltr'><strong>id</strong></span> <span class='ocrx_word' id='word_1_70' title='bbox 970 1027 1113 1111; x_wconf 83' lang='lat' dir='ltr'><strong>lecisset,</strong></span> <span class='ocrx_word' id='word_1_71' title='bbox 1136 1051 1196 1114; x_wconf 85' lang='lat' dir='ltr'><strong>per</strong></span> <span class='ocrx_word' id='word_1_72' title='bbox 1281 1019 1283 1034; x_wconf 70' lang='grc'><strong>”</strong></span> 
     </span>
     <span class='ocr_line' id='line_1_10' title="bbox 181 1109 1283 1202; baseline 0.002 -20"><span class='ocrx_word' id='word_1_73' title='bbox 181 1117 391 1182; x_wconf 88' lang='lat' dir='ltr'><strong>interdictum</strong></span> <span class='ocrx_word' id='word_1_74' title='bbox 414 1118 487 1202; x_wconf 82' lang='lat' dir='ltr'><strong>cogi</strong></span> <span class='ocrx_word' id='word_1_75' title='bbox 510 1137 616 1202; x_wconf 90' lang='lat' dir='ltr'><strong>posse,</strong></span> <span class='ocrx_word' id='word_1_76' title='bbox 639 1117 696 1182; x_wconf 87' lang='lat' dir='ltr'><strong>sed</strong></span> <span class='ocrx_word' id='word_1_77' title='bbox 719 1117 747 1182; x_wconf 91' lang='lat' dir='ltr'><strong>si</strong></span> <span class='ocrx_word' id='word_1_78' title='bbox 765 1119 800 1182; x_wconf 91' lang='lat' dir='ltr'><strong>in</strong></span> <span class='ocrx_word' id='word_1_79' title='bbox 817 1117 955 1201; x_wconf 86' lang='lat' dir='ltr'><strong>privato,</strong></span> <span class='ocrx_word' id='word_1_80' title='bbox 977 1118 1016 1182; x_wconf 89' lang='lat' dir='ltr'><strong>de</strong></span> <span class='ocrx_word' id='word_1_81' title='bbox 1035 1119 1195 1184; x_wconf 87' lang='lat' dir='ltr'><strong>servitute</strong></span> <span class='ocrx_word' id='word_1_82' title='bbox 1281 1109 1283 1168; x_wconf 75' lang='lat' dir='ltr'><strong>l</strong></span> 
     </span>
     <span class='ocr_line' id='line_1_11' title="bbox 182 1205 1283 1291; baseline 0.001 -20"><span class='ocrx_word' id='word_1_83' title='bbox 182 1227 278 1291; x_wconf 81' lang='lat' dir='ltr'><strong>agere</strong></span> <span class='ocrx_word' id='word_1_84' title='bbox 297 1209 459 1289; x_wconf 69' lang='lat' dir='ltr'><strong>oportere,</strong></span> <span class='ocrx_word' id='word_1_85' title='bbox 479 1206 507 1270; x_wconf 89' lang='lat' dir='ltr'><strong>si</strong></span> <span class='ocrx_word' id='word_1_86' title='bbox 526 1205 636 1273; x_wconf 85' lang='lat' dir='ltr'><strong>damni</strong></span> <span class='ocrx_word' id='word_1_87' title='bbox 654 1206 766 1271; x_wconf 86' lang='lat' dir='ltr'><strong>infecti</strong></span> <span class='ocrx_word' id='word_1_88' title='bbox 785 1205 960 1288; x_wconf 87' lang='lat' dir='ltr'><strong>stipulatus</strong></span> <span class='ocrx_word' id='word_1_89' title='bbox 979 1210 1075 1290; x_wconf 87' lang='lat' dir='ltr'><strong>esset,</strong></span> <span class='ocrx_word' id='word_1_90' title='bbox 1088 1207 1197 1290; x_wconf 89' lang='lat' dir='ltr'><strong>possit</strong></span> <span class='ocrx_word' id='word_1_91' title='bbox 1282 1271 1283 1280; x_wconf 68' lang='grc'>,</span> 
     </span>
     <span class='ocr_line' id='line_1_12' title="bbox 181 1285 1284 1380; baseline -0.003 -21"><span class='ocrx_word' id='word_1_92' title='bbox 181 1317 239 1380; x_wconf 90' lang='lat' dir='ltr'><strong>per</strong></span> <span class='ocrx_word' id='word_1_93' title='bbox 266 1316 337 1358; x_wconf 89' lang='lat' dir='ltr'><strong>eam</strong></span> <span class='ocrx_word' id='word_1_94' title='bbox 366 1293 624 1378; x_wconf 73' lang='lat' dir='ltr'><strong>stipulationem,</strong></span> <span class='ocrx_word' id='word_1_95' title='bbox 653 1295 680 1358; x_wconf 89' lang='lat' dir='ltr'><strong>si</strong></span> <span class='ocrx_word' id='word_1_96' title='bbox 708 1294 785 1379; x_wconf 89' lang='lat' dir='ltr'><strong>quid</strong></span> <span class='ocrx_word' id='word_1_97' title='bbox 812 1315 851 1358; x_wconf 83' lang='lat' dir='ltr'><strong>ex</strong></span> <span class='ocrx_word' id='word_1_98' title='bbox 877 1316 915 1359; x_wconf 90' lang='lat' dir='ltr'><strong>ea</strong></span> <span class='ocrx_word' id='word_1_99' title='bbox 938 1316 973 1358; x_wconf 88' lang='lat' dir='ltr'><strong>re</strong></span> <span class='ocrx_word' id='word_1_100' title='bbox 997 1295 1058 1360; x_wconf 88' lang='lat' dir='ltr'><strong>sibi</strong></span> <span class='ocrx_word' id='word_1_101' title='bbox 1083 1296 1196 1360; x_wconf 89' lang='lat' dir='ltr'><strong>damni</strong></span> <span class='ocrx_word' id='word_1_102' title='bbox 1281 1285 1284 1356; x_wconf 72' lang='lat' dir='ltr'><strong>l</strong></span> 
     </span>
     <span class='ocr_line' id='line_1_13' title="bbox 181 1385 1284 1467; baseline -0.002 -19"><span class='ocrx_word' id='word_1_103' title='bbox 181 1385 293 1448; x_wconf 86' lang='lat' dir='ltr'><strong>datum</strong></span> <span class='ocrx_word' id='word_1_104' title='bbox 317 1386 415 1467; x_wconf 89' lang='lat' dir='ltr'><strong>esset,</strong></span> <span class='ocrx_word' id='word_1_105' title='bbox 439 1405 573 1448; x_wconf 89' lang='lat' dir='ltr'><strong>servare.</strong></span> <span class='ocrx_word' id='word_1_106' title='bbox 1283 1403 1284 1414; x_wconf 59' lang='lat'>¹</span> 
     </span>
    </p>
   </div>
   <div class='ocr_carea' id='block_1_5' title="bbox 483 1581 891 1654">
    <p class='ocr_par' dir='ltr' id='par_1_5' title="bbox 483 1581 891 1654">
     <span class='ocr_line' id='line_1_14' title="bbox 483 1581 891 1654; baseline 0 -2"><span class='ocrx_word' id='word_1_107' title='bbox 483 1595 529 1653; x_wconf 87' lang='lat' dir='ltr'><strong>De</strong></span> <span class='ocrx_word' id='word_1_108' title='bbox 551 1581 689 1654; x_wconf 77' lang='lat' dir='ltr'><strong>creditore</strong></span> <span class='ocrx_word' id='word_1_109' title='bbox 712 1598 738 1654; x_wconf 84' lang='lat' dir='ltr'><strong>ct</strong></span> <span class='ocrx_word' id='word_1_110' title='bbox 760 1594 891 1653; x_wconf 75' lang='lat' dir='ltr'><strong>debitore.</strong></span> 
     </span>
    </p>
   </div>
   <div class='ocr_carea' id='block_1_6' title="bbox 182 1712 1198 2419">
    <p class='ocr_par' dir='ltr' id='par_1_6' title="bbox 182 1712 1285 2419">
     <span class='ocr_line' id='line_1_15' title="bbox 274 1712 1197 1798; baseline -0.002 -18"><span class='ocrx_word' id='word_1_111' title='bbox 274 1715 325 1780; x_wconf 85' lang='lat'><strong>64.</strong></span> <span class='ocrx_word' id='word_1_112' title='bbox 349 1713 386 1780; x_wconf 92' lang='lat' dir='ltr'><strong>D.</strong></span> <span class='ocrx_word' id='word_1_113' title='bbox 405 1713 456 1796; x_wconf 87' lang='lat'><strong>13,</strong></span> <span class='ocrx_word' id='word_1_114' title='bbox 470 1715 500 1798; x_wconf 80' lang='lat' dir='ltr'><strong>I,</strong></span> <span class='ocrx_word' id='word_1_115' title='bbox 514 1715 566 1779; x_wconf 89' lang='lat'><strong>30.</strong></span> <span class='ocrx_word' id='word_1_116' title='bbox 597 1713 719 1778; x_wconf 86' lang='lat' dir='ltr'><strong>Paulus</strong></span> <span class='ocrx_word' id='word_1_117' title='bbox 738 1713 822 1778; x_wconf 93' lang='lat' dir='ltr'><strong>libro</strong></span> <span class='ocrx_word' id='word_1_118' title='bbox 842 1713 956 1797; x_wconf 91' lang='lat' dir='ltr'><strong>quinto</strong></span> <span class='ocrx_word' id='word_1_119' title='bbox 976 1712 1197 1796; x_wconf 80' lang='lat' dir='ltr'><strong>epitomamm</strong></span> 
     </span>
     <span class='ocr_line' id='line_1_16' title="bbox 182 1799 1197 1888; baseline -0.004 -18"><span class='ocrx_word' id='word_1_120' title='bbox 182 1802 292 1870; x_wconf 80' lang='lat' dir='ltr'><strong>Alfeni</strong></span> <span class='ocrx_word' id='word_1_121' title='bbox 315 1803 395 1869; x_wconf 89' lang='lat' dir='ltr'><strong>Vari</strong></span> <span class='ocrx_word' id='word_1_122' title='bbox 418 1802 630 1887; x_wconf 76' lang='lat' dir='ltr'><strong>Digestorum</strong></span> <span class='ocrx_word' id='word_1_123' title='bbox 654 1799 703 1888; x_wconf 91' lang='lat' dir='ltr'><strong>(P.</strong></span> <span class='ocrx_word' id='word_1_124' title='bbox 728 1799 794 1888; x_wconf 75' lang='lat'><strong>70).</strong></span> <span class='ocrx_word' id='word_1_125' title='bbox 834 1801 909 1878; x_wconf 83' lang='lat' dir='ltr'><strong>¹Qui</strong></span> <span class='ocrx_word' id='word_1_126' title='bbox 932 1802 1066 1866; x_wconf 79' lang='lat' dir='ltr'><strong>retiario</strong></span> <span class='ocrx_word' id='word_1_127' title='bbox 1095 1801 1197 1867; x_wconf 90' lang='lat' dir='ltr'><strong>credi·</strong></span> 
     </span>
     <span class='ocr_line' id='line_1_17' title="bbox 184 1890 1198 1975; baseline -0.002 -17"><span class='ocrx_word' id='word_1_128' title='bbox 184 1894 282 1975; x_wconf 88' lang='lat' dir='ltr'><strong>derat,</strong></span> <span class='ocrx_word' id='word_1_129' title='bbox 306 1915 379 1958; x_wconf 90' lang='lat' dir='ltr'><strong>curn</strong></span> <span class='ocrx_word' id='word_1_130' title='bbox 402 1891 443 1956; x_wconf 85' lang='lat' dir='ltr'><strong>ad</strong></span> <span class='ocrx_word' id='word_1_131' title='bbox 465 1892 549 1956; x_wconf 90' lang='lat' dir='ltr'><strong>diem</strong></span> <span class='ocrx_word' id='word_1_132' title='bbox 572 1890 709 1975; x_wconf 85' lang='lat' dir='ltr'><strong>pecunia</strong></span> <span class='ocrx_word' id='word_1_133' title='bbox 731 1913 797 1956; x_wconf 87' lang='lat' dir='ltr'><strong>non</strong></span> <span class='ocrx_word' id='word_1_134' title='bbox 820 1891 1008 1973; x_wconf 88' lang='lat' dir='ltr'><strong>solveretur,</strong></span> <span class='ocrx_word' id='word_1_135' title='bbox 1032 1894 1137 1955; x_wconf 87' lang='lat' dir='ltr'><strong>rotem</strong></span> <span class='ocrx_word' id='word_1_136' title='bbox 1163 1891 1198 1956; x_wconf 92' lang='lat' dir='ltr'><strong>in</strong></span> 
     </span>
     <span class='ocr_line' id='line_1_18' title="bbox 183 1979 1198 2063; baseline -0.002 -17"><span class='ocrx_word' id='word_1_137' title='bbox 183 1981 317 2046; x_wconf 86' lang='lat' dir='ltr'><strong>flumine</strong></span> <span class='ocrx_word' id='word_1_138' title='bbox 341 2003 399 2045; x_wconf 90' lang='lat' dir='ltr'><strong>sua</strong></span> <span class='ocrx_word' id='word_1_139' title='bbox 422 1981 615 2045; x_wconf 87' lang='lat' dir='ltr'><strong>auctoritate</strong></span> <span class='ocrx_word' id='word_1_140' title='bbox 638 1979 785 2045; x_wconf 89' lang='lat' dir='ltr'><strong>detinuit.</strong></span> <span class='ocrx_word' id='word_1_141' title='bbox 819 1983 933 2063; x_wconf 86' lang='lat' dir='ltr'><strong>postea</strong></span> <span class='ocrx_word' id='word_1_142' title='bbox 954 1979 1076 2043; x_wconf 90' lang='lat' dir='ltr'><strong>flumen</strong></span> <span class='ocrx_word' id='word_1_143' title='bbox 1094 1979 1198 2045; x_wconf 80' lang='lat' dir='ltr'><strong>crevit</strong></span> 
     </span>
     <span class='ocr_line' id='line_1_19' title="bbox 183 2067 1196 2152; baseline -0.001 -17"><span class='ocrx_word' id='word_1_144' title='bbox 183 2074 217 2135; x_wconf 88' lang='lat' dir='ltr'><strong>et</strong></span> <span class='ocrx_word' id='word_1_145' title='bbox 244 2075 347 2134; x_wconf 85' lang='lat' dir='ltr'><strong>ratem</strong></span> <span class='ocrx_word' id='word_1_146' title='bbox 376 2068 520 2133; x_wconf 88' lang='lat' dir='ltr'><strong>abstulit.</strong></span> <span class='ocrx_word' id='word_1_147' title='bbox 566 2068 594 2132; x_wconf 91' lang='lat' dir='ltr'><strong>si</strong></span> <span class='ocrx_word' id='word_1_148' title='bbox 617 2067 718 2132; x_wconf 86' lang='lat' dir='ltr'><strong>invito</strong></span> <span class='ocrx_word' id='word_1_149' title='bbox 742 2067 875 2133; x_wconf 81' lang='lat' dir='ltr'><strong>retiario</strong></span> <span class='ocrx_word' id='word_1_150' title='bbox 898 2068 1098 2152; x_wconf 88' lang='lat' dir='ltr'><strong>retinuisset,</strong></span> <span class='ocrx_word' id='word_1_151' title='bbox 1127 2069 1196 2134; x_wconf 87' lang='lat' dir='ltr'><strong>eius</strong></span> 
     </span>
     <span class='ocr_line' id='line_1_20' title="bbox 184 2155 1197 2243; baseline -0.002 -19"><span class='ocrx_word' id='word_1_152' title='bbox 184 2158 326 2242; x_wconf 88' lang='lat' dir='ltr'><strong>periculo</strong></span> <span class='ocrx_word' id='word_1_153' title='bbox 359 2159 462 2220; x_wconf 88' lang='lat' dir='ltr'><strong>ratem</strong></span> <span class='ocrx_word' id='word_1_154' title='bbox 493 2155 594 2221; x_wconf 89' lang='lat' dir='ltr'><strong>fuisse</strong></span> <span class='ocrx_word' id='word_1_155' title='bbox 623 2157 803 2243; x_wconf 70' lang='lat' dir='ltr'><strong>respondit,</strong></span> <span class='ocrx_word' id='word_1_156' title='bbox 836 2157 891 2222; x_wconf 89' lang='lat' dir='ltr'><strong>sed</strong></span> <span class='ocrx_word' id='word_1_157' title='bbox 919 2158 948 2222; x_wconf 90' lang='lat' dir='ltr'><strong>si</strong></span> <span class='ocrx_word' id='word_1_158' title='bbox 975 2156 1104 2222; x_wconf 88' lang='lat' dir='ltr'><strong>debitor</strong></span> <span class='ocrx_word' id='word_1_159' title='bbox 1138 2180 1197 2223; x_wconf 90' lang='lat' dir='ltr'><strong>sua</strong></span> 
     </span>
     <span class='ocr_line' id='line_1_21' title="bbox 184 2245 1198 2331; baseline 0.002 -21"><span class='ocrx_word' id='word_1_160' title='bbox 184 2248 351 2312; x_wconf 84' lang='lat' dir='ltr'><strong>voluntate</strong></span> <span class='ocrx_word' id='word_1_161' title='bbox 375 2245 602 2328; x_wconf 84' lang='lat' dir='ltr'><strong>concessisset,</strong></span> <span class='ocrx_word' id='word_1_162' title='bbox 625 2248 662 2309; x_wconf 93' lang='lat' dir='ltr'><strong>ut</strong></span> <span class='ocrx_word' id='word_1_163' title='bbox 684 2246 851 2324; x_wconf 87' lang='lat' dir='ltr'><strong>retineret,</strong></span> <span class='ocrx_word' id='word_1_164' title='bbox 874 2246 1003 2331; x_wconf 87' lang='lat' dir='ltr'><strong>culpam</strong></span> <span class='ocrx_word' id='word_1_165' title='bbox 1026 2246 1198 2312; x_wconf 78' lang='lat' dir='ltr'><strong>dumtaxat</strong></span> 
     </span>
     <span class='ocr_line' id='line_1_22' title="bbox 186 2333 845 2419; baseline -0.002 -20"><span class='ocrx_word' id='word_1_166' title='bbox 186 2335 215 2399; x_wconf 91' lang='lat' dir='ltr'><strong>ei</strong></span> <span class='ocrx_word' id='word_1_167' title='bbox 237 2333 479 2419; x_wconf 82' lang='lat' dir='ltr'><strong>praestandam,</strong></span> <span class='ocrx_word' id='word_1_168' title='bbox 501 2356 568 2399; x_wconf 91' lang='lat' dir='ltr'><strong>non</strong></span> <span class='ocrx_word' id='word_1_169' title='bbox 591 2333 657 2400; x_wconf 78' lang='lat' dir='ltr'><strong>sim</strong></span> <span class='ocrx_word' id='word_1_170' title='bbox 680 2334 845 2399; x_wconf 87' lang='lat' dir='ltr'><strong>maiorem.</strong></span> 
     </span>
    </p>
   </div>
   <div class='ocr_carea' id='block_1_7' title="bbox 111 2438 1197 3414">
    <p class='ocr_par' dir='ltr' id='par_1_7' title="bbox 111 2438 1197 3414">
     <span class='ocr_line' id='line_1_23' title="bbox 274 2438 1196 2524; baseline 0 -18"><span class='ocrx_word' id='word_1_171' title='bbox 274 2440 326 2507; x_wconf 84' lang='lat'><strong>65.</strong></span> <span class='ocrx_word' id='word_1_172' title='bbox 353 2438 392 2503; x_wconf 91' lang='lat' dir='ltr'><strong>D.</strong></span> <span class='ocrx_word' id='word_1_173' title='bbox 411 2441 470 2524; x_wconf 85' lang='grc'><strong>46,</strong></span> <span class='ocrx_word' id='word_1_174' title='bbox 488 2441 522 2523; x_wconf 88' lang='lat'><strong>3,</strong></span> <span class='ocrx_word' id='word_1_175' title='bbox 541 2442 593 2507; x_wconf 78' lang='lat'><strong>67.</strong></span> <span class='ocrx_word' id='word_1_176' title='bbox 633 2439 805 2506; x_wconf 89' lang='lat' dir='ltr'><strong>Marcellus</strong></span> <span class='ocrx_word' id='word_1_177' title='bbox 832 2441 916 2504; x_wconf 92' lang='lat' dir='ltr'><strong>libro</strong></span> <span class='ocrx_word' id='word_1_178' title='bbox 944 2440 1040 2505; x_wconf 83' lang='lat' dir='ltr'><strong>tertio</strong></span> <span class='ocrx_word' id='word_1_179' title='bbox 1069 2441 1196 2506; x_wconf 89' lang='lat' dir='ltr'><strong>decimo</strong></span> 
     </span>
     <span class='ocr_line' id='line_1_24' title="bbox 185 2525 1197 2618; baseline 0 -24"><span class='ocrx_word' id='word_1_180' title='bbox 185 2529 395 2616; x_wconf 84' lang='lat' dir='ltr'><strong>Digestorum</strong></span> <span class='ocrx_word' id='word_1_181' title='bbox 419 2525 468 2618; x_wconf 85' lang='lat' dir='ltr'><strong>(P.</strong></span> <span class='ocrx_word' id='word_1_182' title='bbox 485 2527 573 2618; x_wconf 76' lang='lat'><strong>157).</strong></span> <span class='ocrx_word' id='word_1_183' title='bbox 606 2580 660 2597; x_wconf 92' lang='lat'><strong>...</strong></span> <span class='ocrx_word' id='word_1_184' title='bbox 683 2530 768 2616; x_wconf 88' lang='lat' dir='ltr'><strong>apud</strong></span> <span class='ocrx_word' id='word_1_185' title='bbox 786 2528 939 2616; x_wconf 79' lang='lat' dir='ltr'><strong>Alfenum</strong></span> <span class='ocrx_word' id='word_1_186' title='bbox 959 2525 1089 2594; x_wconf 83' lang='lat' dir='ltr'><strong>Servius</strong></span> <span class='ocrx_word' id='word_1_187' title='bbox 1113 2551 1197 2615; x_wconf 89' lang='lat' dir='ltr'><strong>eum,</strong></span> 
     </span>
     <span class='ocr_line' id='line_1_25' title="bbox 185 2617 1196 2704; baseline 0 -21"><span class='ocrx_word' id='word_1_188' title='bbox 185 2619 242 2704; x_wconf 91' lang='lat' dir='ltr'><strong>qui</strong></span> <span class='ocrx_word' id='word_1_189' title='bbox 269 2621 375 2685; x_wconf 88' lang='lat' dir='ltr'><strong>minus</strong></span> <span class='ocrx_word' id='word_1_190' title='bbox 404 2641 424 2684; x_wconf 88' lang='lat' dir='ltr'><strong>a</strong></span> <span class='ocrx_word' id='word_1_191' title='bbox 453 2619 597 2685; x_wconf 87' lang='lat' dir='ltr'><strong>debitore</strong></span> <span class='ocrx_word' id='word_1_192' title='bbox 625 2641 683 2683; x_wconf 90' lang='lat' dir='ltr'><strong>suo</strong></span> <span class='ocrx_word' id='word_1_193' title='bbox 716 2617 860 2703; x_wconf 84' lang='lat' dir='ltr'><strong>accipere</strong></span> <span class='ocrx_word' id='word_1_194' title='bbox 891 2621 924 2681; x_wconf 91' lang='lat' dir='ltr'><strong>et</strong></span> <span class='ocrx_word' id='word_1_195' title='bbox 953 2617 1091 2683; x_wconf 85' lang='lat' dir='ltr'><strong>liberare</strong></span> <span class='ocrx_word' id='word_1_196' title='bbox 1121 2640 1196 2683; x_wconf 90' lang='lat' dir='ltr'><strong>eum</strong></span> 
     </span>
     <span class='ocr_line' id='line_1_26' title="bbox 185 2707 1197 2794; baseline -0.003 -19"><span class='ocrx_word' id='word_1_197' title='bbox 185 2709 298 2792; x_wconf 82' lang='lat' dir='ltr'><strong>vellet,</strong></span> <span class='ocrx_word' id='word_1_198' title='bbox 324 2708 492 2794; x_wconf 86' lang='lat' dir='ltr'><strong>respondit</strong></span> <span class='ocrx_word' id='word_1_199' title='bbox 518 2730 614 2792; x_wconf 90' lang='lat' dir='ltr'><strong>posse</strong></span> <span class='ocrx_word' id='word_1_200' title='bbox 642 2709 769 2793; x_wconf 85' lang='lat' dir='ltr'><strong>saepius</strong></span> <span class='ocrx_word' id='word_1_201' title='bbox 795 2708 919 2791; x_wconf 85' lang='lat' dir='ltr'><strong>aliquot</strong></span> <span class='ocrx_word' id='word_1_202' title='bbox 941 2727 1090 2770; x_wconf 90' lang='lat' dir='ltr'><strong>nummos</strong></span> <span class='ocrx_word' id='word_1_203' title='bbox 1115 2707 1197 2772; x_wconf 87' lang='lat' dir='ltr'><strong>acci-</strong></span> 
     </span>
     <span class='ocr_line' id='line_1_27' title="bbox 184 2795 1196 2882; baseline 0.001 -22"><span class='ocrx_word' id='word_1_204' title='bbox 184 2796 304 2882; x_wconf 87' lang='lat' dir='ltr'><strong>piendo</strong></span> <span class='ocrx_word' id='word_1_205' title='bbox 333 2798 373 2861; x_wconf 90' lang='lat' dir='ltr'><strong>ab</strong></span> <span class='ocrx_word' id='word_1_206' title='bbox 400 2818 438 2862; x_wconf 90' lang='lat' dir='ltr'><strong>eo</strong></span> <span class='ocrx_word' id='word_1_207' title='bbox 463 2798 554 2881; x_wconf 90' lang='lat' dir='ltr'><strong>eique</strong></span> <span class='ocrx_word' id='word_1_208' title='bbox 577 2800 664 2861; x_wconf 90' lang='lat' dir='ltr'><strong>retro</strong></span> <span class='ocrx_word' id='word_1_209' title='bbox 688 2795 792 2862; x_wconf 86' lang='lat' dir='ltr'><strong>dando</strong></span> <span class='ocrx_word' id='word_1_210' title='bbox 817 2817 853 2861; x_wconf 85' lang='lat' dir='ltr'><strong>ac</strong></span> <span class='ocrx_word' id='word_1_211' title='bbox 875 2816 985 2860; x_wconf 87' lang='lat' dir='ltr'><strong>rursus</strong></span> <span class='ocrx_word' id='word_1_212' title='bbox 1009 2795 1196 2878; x_wconf 88' lang='lat' dir='ltr'><strong>accipiendo</strong></span> 
     </span>
     <span class='ocr_line' id='line_1_28' title="bbox 186 2883 1196 2968; baseline 0 -19"><span class='ocrx_word' id='word_1_213' title='bbox 186 2885 220 2949; x_wconf 89' lang='lat' dir='ltr'><strong>id</strong></span> <span class='ocrx_word' id='word_1_214' title='bbox 245 2884 379 2962; x_wconf 87' lang='lat' dir='ltr'><strong>efficere,</strong></span> <span class='ocrx_word' id='word_1_215' title='bbox 404 2884 519 2965; x_wconf 86' lang='lat' dir='ltr'><strong>[veluti</strong></span> <span class='ocrx_word' id='word_1_216' title='bbox 539 2885 566 2948; x_wconf 93' lang='lat' dir='ltr'><strong>si</strong></span> <span class='ocrx_word' id='word_1_217' title='bbox 585 2889 712 2949; x_wconf 92' lang='lat' dir='ltr'><strong>centum</strong></span> <span class='ocrx_word' id='word_1_218' title='bbox 731 2883 909 2949; x_wconf 86' lang='lat' dir='ltr'><strong>debitorem</strong></span> <span class='ocrx_word' id='word_1_219' title='bbox 928 2883 1036 2949; x_wconf 86' lang='lat' dir='ltr'><strong>decern</strong></span> <span class='ocrx_word' id='word_1_220' title='bbox 1056 2885 1196 2968; x_wconf 85' lang='lat' dir='ltr'><strong>acceptis</strong></span> 
     </span>
     <span class='ocr_line' id='line_1_29' title="bbox 186 2972 1196 3058; baseline 0.002 -22"><span class='ocrx_word' id='word_1_221' title='bbox 186 2973 323 3037; x_wconf 88' lang='lat' dir='ltr'><strong>liberare</strong></span> <span class='ocrx_word' id='word_1_222' title='bbox 346 2973 487 3038; x_wconf 87' lang='lat' dir='ltr'><strong>creditor</strong></span> <span class='ocrx_word' id='word_1_223' title='bbox 509 2972 597 3056; x_wconf 85' lang='lat' dir='ltr'><strong>velit,</strong></span> <span class='ocrx_word' id='word_1_224' title='bbox 620 2975 656 3036; x_wconf 94' lang='lat' dir='ltr'><strong>ut</strong></span> <span class='ocrx_word' id='word_1_225' title='bbox 674 2994 747 3038; x_wconf 89' lang='lat' dir='ltr'><strong>cum</strong></span> <span class='ocrx_word' id='word_1_226' title='bbox 766 2973 874 3038; x_wconf 84' lang='lat' dir='ltr'><strong>decem</strong></span> <span class='ocrx_word' id='word_1_227' title='bbox 894 2972 1062 3058; x_wconf 87' lang='lat' dir='ltr'><strong>acceperit,</strong></span> <span class='ocrx_word' id='word_1_228' title='bbox 1085 2973 1196 3038; x_wconf 86' lang='lat' dir='ltr'><strong>eadem</strong></span> 
     </span>
     <span class='ocr_line' id='line_1_30' title="bbox 111 3061 1196 3147; baseline 0 -21"><span class='ocrx_word' id='word_1_229' title='bbox 111 3069 114 3076; x_wconf 74' lang='grc'>“</span> <span class='ocrx_word' id='word_1_230' title='bbox 188 3061 218 3126; x_wconf 91' lang='lat' dir='ltr'><strong>ei</strong></span> <span class='ocrx_word' id='word_1_231' title='bbox 249 3063 336 3126; x_wconf 90' lang='lat' dir='ltr'><strong>retro</strong></span> <span class='ocrx_word' id='word_1_232' title='bbox 368 3061 495 3144; x_wconf 88' lang='lat' dir='ltr'><strong>reddat,</strong></span> <span class='ocrx_word' id='word_1_233' title='bbox 527 3083 602 3126; x_wconf 86' lang='lat' dir='ltr'><strong>mox</strong></span> <span class='ocrx_word' id='word_1_234' title='bbox 634 3062 675 3125; x_wconf 90' lang='lat' dir='ltr'><strong>ab</strong></span> <span class='ocrx_word' id='word_1_235' title='bbox 707 3083 745 3126; x_wconf 90' lang='lat' dir='ltr'><strong>eo</strong></span> <span class='ocrx_word' id='word_1_236' title='bbox 778 3062 916 3147; x_wconf 86' lang='lat' dir='ltr'><strong>accipiat</strong></span> <span class='ocrx_word' id='word_1_237' title='bbox 949 3083 986 3127; x_wconf 82' lang='lat' dir='ltr'><strong>ao</strong></span> <span class='ocrx_word' id='word_1_238' title='bbox 1019 3061 1196 3127; x_wconf 86' lang='lat' dir='ltr'><strong>novissimo</strong></span> 
     </span>
     <span class='ocr_line' id='line_1_31' title="bbox 187 3149 1196 3236; baseline 0.001 -21"><span class='ocrx_word' id='word_1_239' title='bbox 187 3150 349 3231; x_wconf 73' lang='lat' dir='ltr'><strong>retineat]</strong></span> <span class='ocrx_word' id='word_1_240' title='bbox 374 3149 436 3214; x_wconf 89' lang='lat' dir='ltr'><strong>etsi</strong></span> <span class='ocrx_word' id='word_1_241' title='bbox 457 3151 493 3216; x_wconf 92' lang='lat' dir='ltr'><strong>in</strong></span> <span class='ocrx_word' id='word_1_242' title='bbox 516 3149 753 3216; x_wconf 85' lang='lat' dir='ltr'><strong>dubitationem</strong></span> <span class='ocrx_word' id='word_1_243' title='bbox 776 3172 796 3214; x_wconf 87' lang='lat' dir='ltr'><strong>a</strong></span> <span class='ocrx_word' id='word_1_244' title='bbox 818 3151 1010 3236; x_wconf 85' lang='lat' dir='ltr'><strong>quibusdam</strong></span> <span class='ocrx_word' id='word_1_245' title='bbox 1031 3149 1093 3215; x_wconf 88' lang='lat' dir='ltr'><strong>hoc</strong></span> <span class='ocrx_word' id='word_1_246' title='bbox 1113 3151 1196 3216; x_wconf 87' lang='lat' dir='ltr'><strong>niele</strong></span> 
     </span>
     <span class='ocr_line' id='line_1_32' title="bbox 189 3239 1197 3324; baseline 0 -20"><span class='ocrx_word' id='word_1_247' title='bbox 189 3239 374 3324; x_wconf 88' lang='lat' dir='ltr'><strong>deducatur,</strong></span> <span class='ocrx_word' id='word_1_248' title='bbox 392 3239 476 3323; x_wconf 89' lang='lat' dir='ltr'><strong>quod</strong></span> <span class='ocrx_word' id='word_1_249' title='bbox 495 3261 562 3306; x_wconf 89' lang='lat' dir='ltr'><strong>non</strong></span> <span class='ocrx_word' id='word_1_250' title='bbox 580 3239 684 3324; x_wconf 90' lang='lat' dir='ltr'><strong>possit</strong></span> <span class='ocrx_word' id='word_1_251' title='bbox 701 3239 802 3305; x_wconf 88' lang='lat' dir='ltr'><strong>videri</strong></span> <span class='ocrx_word' id='word_1_252' title='bbox 821 3240 848 3304; x_wconf 92' lang='lat' dir='ltr'><strong>is</strong></span> <span class='ocrx_word' id='word_1_253' title='bbox 868 3240 923 3324; x_wconf 91' lang='lat' dir='ltr'><strong>qui</strong></span> <span class='ocrx_word' id='word_1_254' title='bbox 940 3241 988 3304; x_wconf 85' lang='lat' dir='ltr'><strong>ita</strong></span> <span class='ocrx_word' id='word_1_255' title='bbox 1007 3239 1142 3324; x_wconf 85' lang='lat' dir='ltr'><strong>accepit,</strong></span> <span class='ocrx_word' id='word_1_256' title='bbox 1161 3244 1197 3304; x_wconf 90' lang='lat' dir='ltr'><strong>ut</strong></span> 
     </span>
     <span class='ocr_line' id='line_1_33' title="bbox 189 3327 1197 3414; baseline 0.003 -21"><span class='ocrx_word' id='word_1_257' title='bbox 189 3329 219 3393; x_wconf 92' lang='lat' dir='ltr'><strong>ei</strong></span> <span class='ocrx_word' id='word_1_258' title='bbox 243 3352 262 3393; x_wconf 85' lang='lat' dir='ltr'><strong>a</strong></span> <span class='ocrx_word' id='word_1_259' title='bbox 285 3349 349 3414; x_wconf 93' lang='lat' dir='ltr'><strong>quo</strong></span> <span class='ocrx_word' id='word_1_260' title='bbox 374 3330 506 3414; x_wconf 88' lang='lat' dir='ltr'><strong>accepit,</strong></span> <span class='ocrx_word' id='word_1_261' title='bbox 530 3331 618 3394; x_wconf 89' lang='lat' dir='ltr'><strong>retro</strong></span> <span class='ocrx_word' id='word_1_262' title='bbox 641 3327 755 3394; x_wconf 79' lang='lat' dir='ltr'><strong>reddat</strong></span> <span class='ocrx_word' id='word_1_263' title='bbox 779 3329 941 3414; x_wconf 80' lang='lat' dir='ltr'><strong>&lt;solutum</strong></span> <span class='ocrx_word' id='word_1_264' title='bbox 965 3328 1149 3414; x_wconf 82' lang='lat' dir='ltr'><strong>accepisse&gt;</strong></span> <span class='ocrx_word' id='word_1_265' title='bbox 1167 3377 1197 3396; x_wconf 88' lang='lat'><strong>..</strong></span> 
     </span>
    </p>
   </div>
   <div class='ocr_carea' id='block_1_8' title="bbox 277 3445 1197 3534">
    <p class='ocr_par' dir='ltr' id='par_1_8' title="bbox 277 3445 1197 3534">
     <span class='ocr_line' id='line_1_34' title="bbox 277 3445 1197 3534; baseline 0.002 -19"><span class='ocrx_word' id='word_1_266' title='bbox 277 3458 314 3515; x_wconf 85' lang='lat' dir='ltr'><strong>cf.</strong></span> <span class='ocrx_word' id='word_1_267' title='bbox 338 3457 435 3519; x_wconf 81' lang='lat' dir='ltr'><strong>Servii</strong></span> <span class='ocrx_word' id='word_1_268' title='bbox 456 3476 599 3534; x_wconf 83' lang='lat' dir='ltr'><strong>responsa</strong></span> <span class='ocrx_word' id='word_1_269' title='bbox 623 3460 673 3517; x_wconf 89' lang='lat'><strong>99.</strong></span> <span class='ocrx_word' id='word_1_270' title='bbox 714 3457 834 3517; x_wconf 80' lang='lat' dir='ltr'><strong>Peruiea</strong></span> <span class='ocrx_word' id='word_1_271' title='bbox 856 3445 948 3517; x_wconf 80' lang='lat' dir='ltr'><strong>elium¹</strong></span> <span class='ocrx_word' id='word_1_272' title='bbox 963 3457 1056 3517; x_wconf 85' lang='lat' dir='ltr'><strong>verba</strong></span> <span class='ocrx_word' id='word_1_273' title='bbox 1079 3458 1197 3533; x_wconf 87' lang='lat' dir='ltr'><strong>saepius</strong></span> 
     </span>
    </p>
   </div>
   <div class='ocr_carea' id='block_1_9' title="bbox 68 3545 982 3620">
    <p class='ocr_par' dir='ltr' id='par_1_9' title="bbox 68 3545 982 3620">
     <span class='ocr_line' id='line_1_35' title="bbox 68 3545 982 3620; baseline 0.003 -18"><span class='ocrx_word' id='word_1_274' title='bbox 68 3608 72 3616; x_wconf 57' lang='grc'>,</span> <span class='ocrx_word' id='word_1_275' title='bbox 191 3574 230 3584; x_wconf 93' lang='grc'>-</span> <span class='ocrx_word' id='word_1_276' title='bbox 254 3545 426 3620; x_wconf 87' lang='lat' dir='ltr'><strong>accipiendo</strong></span> <span class='ocrx_word' id='word_1_277' title='bbox 449 3566 468 3606; x_wconf 88' lang='lat' dir='ltr'><strong>a</strong></span> <span class='ocrx_word' id='word_1_278' title='bbox 489 3549 666 3608; x_wconf 72' lang='lat' dir='ltr'><strong>Tritoniaca</strong></span> <span class='ocrx_word' id='word_1_279' title='bbox 689 3547 790 3606; x_wconf 78' lang='lat' dir='ltr'><strong>addila</strong></span> <span class='ocrx_word' id='word_1_280' title='bbox 813 3563 872 3605; x_wconf 84' lang='lat' dir='ltr'><strong>osae</strong></span> <span class='ocrx_word' id='word_1_281' title='bbox 888 3549 982 3619; x_wconf 76' lang='lat' dir='ltr'><strong>putot.</strong></span> 
     </span>
    </p>
   </div>
   <div class='ocr_carea' id='block_1_10' title="bbox 0 0 1316 3910">
    <p class='ocr_par' dir='ltr' id='par_1_10' title="bbox 0 0 1316 3910">
     <span class='ocr_line' id='line_1_36' title="bbox 0 0 1316 3910; baseline 0 0"><span class='ocrx_word' id='word_1_282' title='bbox 0 0 1316 3910; x_wconf 95' lang='lat' dir='ltr'><strong> </strong></span> 
     </span>
    </p>
   </div>
  </div>
 </body>
</html>
