2600 3908
146 221 188 286 92
227 221 274 276 IV.
295 219 439 275 SEPTIMI
453 219 551 276 SAEC.
566 219 661 274 lorus
681 218 857 275 CONSULT.
873 217 997 274 suiuus
1011 217 1155 272 ALTERA

144 394 211 449 tum
239 390 275 448 de
303 389 419 449 actione
446 389 478 448 in
506 388 632 466 duplum
659 388 726 466 lege
752 387 811 446 XII
837 386 1010 446 tabularum
1038 387 1156 446 statuto.

148 479 300 554 scripsisse
328 478 455 538 videtur.
501 479 538 538 cf.
563 475 807 536 Pernice1435
837 480 868 535 et
895 475 974 534 infre
1000 474 1036 534 de
1062 475 1153 536 furto.

476 657 531 729 [Dc
548 655 703 711 venditione
720 655 825 726 sandi]

235 765 264 830 2.
289 763 400 830 Cicero
420 765 459 829 de
478 765 561 830 offic.
581 767 611 848 3,
627 765 676 844 16,
692 764 743 829 65.
762 801 804 811 -
824 813 853 832 ..
872 764 911 829 de
934 765 1003 830 iure
1026 761 1156 848 quidem

146 854 351 936 praediorum
380 857 526 919 sanctum
554 855 639 941 apud
666 875 726 918 nos
755 857 804 918 est
830 852 901 918 iure
928 852 1029 934 civili,
1057 855 1094 916 ut
1121 853 1157 916 in

145 942 185 1005 iis
214 942 387 1006 vendendis
414 943 495 1007 vitia
523 943 718 1025 dicerentur,
745 963 826 1026 quae
848 946 928 1007 nota
952 944 1059 1006 essent
1082 962 1157 1005 ven-

146 1031 252 1094 ditori.
291 1053 366 1094 narn
391 1053 488 1116 quum
513 1053 551 1095 ex
574 1031 740 1096 duodecim
764 1030 884 1096 tabulis
908 1031 987 1095 satis
1011 1032 1098 1095 esset
1119 1051 1158 1094 ea

145 1119 315 1203 praestari,
334 1141 415 1204 quae
435 1124 544 1184 essent
556 1119 669 1204 lingua
683 1124 876 1204 nuncupata,
894 1140 977 1204 quae
992 1118 1048 1204 qui
1061 1117 1158 1183 infiti-

146 1212 219 1272 atus
252 1212 350 1290 esset,
382 1208 471 1291 dupli
502 1230 642 1292 poenam
676 1208 813 1292 subiret,
844 1230 865 1273 a
890 1207 971 1272 iuris
999 1207 1157 1273 consultis

79 1351 80 1354 ,
146 1296 244 1360 etiem
262 1297 451 1362 reticentiae
468 1319 593 1381 poenae
612 1301 662 1362 est
679 1297 864 1363 constituta.
898 1296 1051 1382 quidquid
1071 1296 1156 1360 enim

147 1388 232 1449 esset
254 1386 288 1450 in
306 1386 437 1470 praedio
456 1386 537 1469 vitii,
560 1385 593 1450 id
617 1390 810 1465 statuerunt,
835 1386 864 1450 si
882 1386 1036 1450 venditor¹
1050 1384 1157 1467 sciret,

145 1472 210 1538 nisi
233 1475 424 1539 nominatim
449 1475 572 1540 dictum
595 1480 693 1557 esset,
716 1475 875 1558 praestari
898 1478 1056 1558 oportere.

237 1565 267 1629 3.
290 1561 330 1627 D.
350 1565 401 1648 18,
420 1565 450 1647 2,
470 1567 509 1630 11
533 1567 550 1628 l
571 1570 603 1629 et
624 1565 664 1629 13
675 1587 722 1648 pr.
762 1563 921 1648 Ulpianus
945 1563 1028 1627 libro
1051 1563 1156 1628 vicen·

148 1651 230 1715 simo
250 1657 364 1717 octavo
384 1653 423 1717 ad
443 1651 597 1718 Sabinum
615 1649 665 1738 (Ρ.
678 1649 789 1738 2710).
826 1701 878 1718 ...
897 1649 1035 1716 Sabinus
1055 1651 1111 1738 ait,
1129 1653 1156 1716 si

148 1741 253 1804 tribus
271 1741 485 1818 vendentibus
504 1741 567 1806 duo
585 1741 758 1824 posteriori
776 1740 967 1822 addixerint,
988 1761 1072 1804 uuus
1089 1762 1157 1805 non

148 1827 314 1894 admiserit
337 1831 562 1913 adiectionem,
585 1830 710 1895 Mucius
733 1833 857 1914 partem
880 1828 995 1913 priori,
1020 1828 1157 1893 duorum

148 1916 322 2000 posteriori
354 1924 496 2004 emptam
622 1917 735 1984 Celsus
766 1939 893 2002 quoque
925 1918 1009 1983 libro
1043 1921 1156 1982 octavo

147 2006 359 2090 Digestorum
386 2009 484 2072 refert
511 2006 653 2073 Mucium
679 2005 817 2075 Brutum
847 2005 1044 2090 Labeonem,
1072 2006 1158 2090 quod

147 2092 304 2159 Sabinum
325 2096 518 2161 existimare.

236 2185 284 2248 4⁸.
310 2182 349 2248 D.
369 2184 419 2269 18,
435 2187 464 2268 1,
478 2185 530 2250 59.
571 2183 684 2250 Celsus
708 2184 792 2249 libro
812 2187 927 2250 octavo
945 2181 1156 2267 Digestorum

148 2267 197 2356 (P.
223 2271 289 2355 75).
335 2269 416 2338 (lum
444 2274 598 2339 venderes
625 2273 775 2354 fundum,
801 2295 867 2338 non
895 2272 1005 2336 dixisti
1032 2270 1159 2336 ‘itaut

148 2360 289 2442 optimus
314 2361 561 2447 maximusque',
585 2385 694 2427 verum
721 2361 879 2446 estquod
903 2360 1025 2438 Quinto
1048 2359 1158 2426 Mucio

147 2451 306 2533 placebat,
329 2472 395 2515 non
418 2452 565 2536 liberum,
589 2451 645 2516 sed
668 2451 774 2536 qualis
796 2454 890 2533 esset,
913 2449 1047 2514 fundum
1066 2471 1158 2535 prae·

147 2540 227 2601 steri
253 2545 412 2623 oportere.

235 2625 286 2693 4¹³.
314 2628 353 2693 D.
377 2630 429 2714 21,
447 2630 478 2709 2,
497 2627 548 2694 75.
597 2628 774 2694 Venuleius
802 2628 885 2693 libro
913 2632 1005 2692 sexto
1033 2627 1157 2691 decimo

149 2714 404 2801 Stipulationum
432 2715 481 2804 (P.
506 2718 572 2805 73).
623 2716 716 2793 Quod
744 2718 784 2781 ad
813 2716 984 2782 servitutes
1011 2715 1157 2799 praedio-

148 2828 219 2869 rum
249 2807 380 2892 attinet,
407 2807 434 2870 si
461 2807 559 2870 tacite
583 2810 712 2871 secutae
736 2810 867 2870 suntet
894 2804 1093 2869 vindicentur
1115 2805 1157 2869 ab

148 2895 223 2977 alio,
242 2894 381 2970 Quintus
395 2893 522 2958 Mucius
541 2900 574 2959 et
592 2894 732 2960 Sabinus
750 2894 938 2958 existimant
956 2894 1157 2958 venditorem

148 2983 189 3046 ob
217 2981 447 3048 auetritotew
474 2983 579 3048 teneri
606 3005 672 3048 non
697 3004 805 3066 posse,
832 3003 892 3046 nec
915 2981 1000 3046 enirn
1024 2983 1157 3047 auctori·

148 3068 238 3136 tatis²
261 3070 392 3135 nomine
412 3093 605 3156 quemquam
623 3070 725 3136 teneri
743 3071 777 3134 in
797 3093 835 3136 eo
854 3070 932 3153 iure,
955 3071 1040 3154 quod
1059 3071 1157 3135 tacite

148 3161 250 3225 soleat
283 3159 446 3242 accedere,
478 3161 542 3225 nisi
573 3165 612 3224 ut
643 3160 786 3244 optimus
818 3158 1041 3244 maximusque
1074 3165 1159 3223 esset

147 3244 361 3331 mancipatus³
379 3249 477 3314 fuerit
497 3249 627 3314 fundus:
650 3252 728 3313 tunc
747 3249 832 3314 enim
852 3248 989 3313 liberum
1008 3247 1049 3312 ab
1069 3249 1158 3312 omni

149 3339 302 3402 servitute
326 3339 566 3422 praestandum.
607 3339 729 3404 sivero
748 3341 874 3422 emptor
893 3342 983 3422 petat
1002 3337 1086 3400 viam
1107 3337 1157 3401 vel

220 3530 232 3576 1
266 3522 454 3578 Tritopatreus
477 3521 653 3578 evictionem.
746 3526 762 3574 2
793 3521 980 3575 Tritoniomec
1003 3516 1156 3572 evictionis.

147 3601 163 3648 3
184 3593 372 3649 Tritoniacam
390 3593 518 3650 traditus.
