2588 3908
334 133 361 231 8.Ι
386 177 539 232 SERVIUS
559 177 743 234 SULPICIUS
761 179 879 236 RUFUS
1049 181 1113 246 193

14 421 15 424 Ἴ
102 339 143 403 ad
167 337 352 404 inferiorem
375 339 512 404 veniret:
537 342 717 425 quaesitum
737 345 793 421 est,
818 365 858 406 an
877 365 934 426 per
952 345 1109 410 arbitrum

14 443 15 480 ἲ
103 449 206 513 aquae
225 429 355 512 pluviae
379 429 532 493 arcendae
551 430 657 514 possit
676 431 757 516 cogi,
781 435 817 496 ut
834 432 869 495 in
888 433 1023 498 alteram
1042 456 1112 518 par-

14 571 15 576 ,
102 521 169 582 tem
200 520 318 602 araret,
350 539 391 582 ne
420 518 498 582 sulci
526 519 560 582 in
589 519 656 584 eius
685 539 799 602 agrum
827 523 1020 603 spectarent.
1064 545 1112 587 re-

14 605 15 644 s
104 605 238 690 spondit
259 627 325 670 uon
348 628 444 689 posse
468 629 540 670 eum
559 607 674 690 facere,
698 631 760 692 quo
780 609 885 673 minus
905 631 1018 694 agrum
1038 611 1112 676 vici·

102 717 164 760 nus
189 695 460 779 quemadmodum
482 696 581 760 vellet
604 701 718 761 araret.

194 781 257 850 Sed
286 783 314 848 si
343 805 423 867 quos
452 784 558 849 sulcos
581 788 785 850 transversos
810 788 959 870 aquarios
983 788 1114 870 faceret,

14 879 16 908 ⁵
103 895 162 957 per
186 893 265 956 quos
289 872 323 935 in
347 872 414 936 eius
438 893 552 958 agrum
572 895 656 958 aqua
675 873 836 957 deflueret,
859 876 955 942 hosce
979 880 1016 940 ut
1039 900 1113 960 ope-

14 959 15 974 }
103 961 192 1046 riret,
217 959 392 1025 arbitrum1
417 983 518 1044 aquae
541 962 669 1046 pluviae
694 964 849 1028 arcendae
871 986 966 1048 posse
991 987 1114 1049 cogere.

196 1047 259 1114 Sed
283 1055 315 1113 et
339 1051 366 1114 si
388 1049 493 1114 fossas
517 1049 659 1135 lecisset,
687 1074 726 1116 ex
753 1052 869 1138 quibus
899 1076 983 1138 aqua
1005 1054 1115 1138 pluvia

14 1151 15 1156 ’
103 1141 216 1224 posset
238 1159 362 1220 nocere,
386 1139 553 1220 arbitrum,
577 1139 606 1202 si
625 1147 781 1223 appareat
798 1141 952 1225 futurum,
976 1147 1115 1227 utaque

102 1227 215 1313 pluvia
239 1232 377 1311 noceret,
401 1248 516 1312 eogere
540 1232 688 1310 oportere
711 1229 816 1294 fossas
835 1253 907 1296 eum
927 1233 1054 1316 explere
1074 1236 1115 1313 et,

102 1318 167 1382 nisi
190 1315 326 1399 faceret,
354 1315 581 1396 condemnare,
608 1319 738 1381 tametsi
766 1323 940 1404 antequam
966 1323 1002 1386 de
1024 1343 1060 1386 eo
1082 1343 1115 1386 re

14 1453 15 1456 ,
103 1401 290 1486 iudicaret²‚
314 1427 397 1489 aqua
420 1427 478 1490 per
501 1404 608 1470 fossas
632 1428 796 1490 nunquam
819 1407 973 1474 fluxisset.

424 1571 471 1628 De
488 1573 601 1644 pariete
623 1573 800 1634 intermedio.

196 1680 247 1745 83.
272 1679 309 1743 D.
330 1680 359 1760 8,
373 1679 403 1761 5,
420 1680 513 1763 llpr.
550 1679 686 1745 Alfenus
706 1681 788 1746 libro
808 1675 945 1747 secundo
966 1683 1116 1768 Digesto-

104 1792 176 1834 rum
202 1767 251 1852 (P.
271 1767 315 1851 4).
353 1766 386 1832 Si
409 1769 494 1832 inter
517 1770 611 1834 aedes
635 1770 728 1834 binas
752 1771 858 1854 paries
878 1776 971 1854 esset,
995 1773 1051 1857 qui
1068 1773 1116 1838 ita

103 1863 253 1922 ventrem
280 1856 413 1938 faceret,
441 1861 478 1922 ut
505 1857 539 1922 in
567 1859 664 1922 vicini
688 1859 818 1924 domum
842 1860 1037 1942 semipedem
1061 1866 1117 1926 aut
1174 1925 1176 1928 .

107 1947 250 2030 amplius
279 1945 518 2030 procumberet,
552 1948 606 2031 agi
633 1952 780 2031 oportere
801 1950 1027 2032 respondit‘ius
1051 1973 1117 2016 non

105 2057 176 2101 esse
207 2035 301 2099 illum
328 2035 484 2118 parietem
512 2035 560 2099 ita
587 2037 764 2120 proiectum
792 2038 826 2100 in
855 2059 947 2102 suum
976 2060 1045 2102 esse
1068 2040 1117 2102 in-

86 2127 173 2190 'vito
198 2146 241 2188 se.

196 2235 397 2295 'tribonianus
412 2255 466 2310 pro
486 2229 635 2310 ‘oportere
654 2232 818 2312 respondit'
839 2238 959 2316 scripsit
973 2233 1116 2316 ‘oportet'

105 2329 137 2385 et
156 2324 243 2385 initio
262 2343 365 2385 vocem
380 2317 523 2400 ‘quando'
540 2324 647 2384 adiecit
666 2317 719 2408 (εἰ
738 2328 879 2403 quando
898 2329 976 2387 inter
990 2329 1077 2389 aedes
1092 2373 1117 2388 ..

106 2417 186 2474 esset
210 2406 306 2493 ...'):
329 2430 505 2488 responsum
529 2414 650 2472 subesse
674 2417 807 2490 apparet.

493 2573 606 2632 Domui
627 2575 734 2646 infecti.

198 2683 267 2747 84⁸.
298 2681 336 2747 D.
356 2683 412 2766 39,
431 2683 464 2766 2,
483 2683 535 2747 43.
577 2682 712 2746 Alfenus
736 2681 842 2747 Varus
867 2684 951 2748 libro
976 2685 1116 2751 secundo

107 2771 317 2856 Digestorum
333 2769 381 2857 (P.
392 2769 436 2857 5).
468 2770 587 2836 Damni
605 2771 717 2835 infecti
737 2771 866 2855 quidam
885 2772 990 2838 vicino
1010 2795 1119 2858 repro·

106 2862 255 2925 miserat:
275 2883 312 2925 ex
332 2861 400 2924 eius
420 2859 563 2925 aedificio
583 2861 711 2944 tegulae
730 2864 826 2926 vento
846 2861 987 2926 deiectae
1002 2863 1120 2929 cecide·

106 2955 183 3015 rant
201 2949 236 3012 in
254 2950 352 3014 vicini
371 2951 498 3032 tegulas
518 2971 636 3034 easque
655 2949 834 3033 fregerant:
859 2953 1041 3035 quaesitum
1061 2957 1120 3037 est,

108 3060 151 3102 an
176 3038 298 3122 aliquid
322 3040 481 3122 praestari
501 3043 636 3123 oportet.
681 3040 854 3123 respondit,
878 3041 905 3104 si
929 3041 1010 3107 vitio
1035 3043 1119 3106 aedi-

107 3127 173 3191 ficii
197 3131 230 3190 et
252 3127 441 3190 infirmitate
464 3127 585 3191 factum
610 3130 708 3210 esset,
732 3128 846 3193 debere
868 3132 1041 3213 praestari:
1065 3131 1120 3195 sed

109 3217 137 3280 si
165 3218 260 3279 tanta
286 3216 336 3280 vis
360 3217 448 3280 venti
471 3216 600 3300 fuisset,
625 3222 662 3280 ut
685 3218 832 3300 quamvis
856 3218 950 3282 firma
974 3219 1120 3284 aedificia

109 3304 319 3389 convelleret,
346 3326 412 3370 non
441 3305 565 3370 debere.
611 3314 643 3369 et
667 3305 752 3388 quod
779 3305 813 3369 in
838 3306 1047 3390 stipulatione
1072 3311 1121 3370 est

111 3392 192 3458 ‘sive
216 3393 292 3477 quid
315 3393 362 3457 ibi
384 3393 482 3476 ruet'‚
513 3416 579 3459 non
600 3393 702 3458 videri
730 3393 794 3458 sibi
816 3415 920 3478 ruere,
954 3395 1039 3478 quod
1065 3400 1122 3460 aut

183 3555 198 3602 1
219 3549 268 3605 Fi.
288 3567 338 3620 per
357 3550 501 3620 arbitrum.
575 3556 590 3604 2
610 3549 661 3606 Fr.
681 3551 831 3618 antequam
851 3549 1032 3604 adiudicaret.

164 3650 259 3699 Iurispr.
274 3651 391 3692 antehcdr.
405 3651 455 3692 rell.
469 3649 503 3691 ed.
518 3650 617 3690 Bremer.
877 3645 908 3692 13
