2614 3914
178 208 244 272 356
269 208 342 264 VIII.
357 207 493 264 OCTAVI
508 206 606 263 SAEC.
616 206 713 263 IURIS
727 205 901 263 consum.
911 205 1037 260 anulus
1050 205 1189 261 TERTIA

562 394 675 453 Damni
697 394 805 468 infecti.

268 513 297 579 9.
332 512 370 578 D.
395 513 450 595 39,
470 514 505 596 3,
523 513 556 592 3,
580 513 610 576 2.
659 511 821 595 Ulpianus
853 511 938 575 libro
971 510 1192 597 quinquagen-

180 604 262 668 simo
290 602 386 667 tertio
420 602 460 668 ad
491 601 630 666 edictum
659 597 708 685 (P.
729 597 854 685 12851’).
905 597 938 664 si
968 600 1106 684 vicinus,
1137 601 1193 685 qui

182 713 293 756 arvum
332 691 459 755 solebat
495 694 582 754 certo
615 693 761 774 tempore
793 688 870 752 anni
902 688 1024 775 rigare,
1060 693 1192 774 pratum

180 780 250 845 illio
290 779 402 844 fecerit
445 779 649 862 coeperitque
687 777 820 842 adsidua
856 777 1044 861 irrigatione
1084 777 1192 844 vicino

180 890 312 948 nocere,
340 869 386 933 ait
414 865 528 933 Ofilius
556 887 657 951 neque
685 865 796 930 damni
823 865 936 931 infecti
960 887 1064 951 neque
1088 887 1193 950 aquae

180 957 309 1043 pluviae
351 957 505 1021 arcendae
546 956 671 1026 actione
713 977 786 1019 eum
827 955 928 1018 teneri
970 956 1045 1035 [nisi
1083 955 1193 1020 locum

181 1046 400 1129 complanavit
435 1066 534 1129 eoque
571 1043 658 1108 facto
696 1043 826 1108 citatior
861 1065 945 1128 aqna
978 1043 1016 1109 ad
1050 1044 1193 1109 vicinum

180 1135 350 1220 pervenire
380 1134 508 1218 coepit}

268 1255 390 1314 Inclusa
411 1255 499 1313 cerba
521 1251 559 1312 A.
577 1253 699 1313 Pcrrdcc
719 1257 793 1312 recle
816 1254 885 1312 cecil.

476 1454 581 1530 Aquae
597 1457 718 1531 placide
741 1457 892 1516 arcendae.

273 1576 322 1642 10.
356 1575 394 1640 D.
416 1577 473 1657 39,
492 1576 526 1660 3,
547 1578 581 1660 1,
598 1575 628 1642 5.
669 1575 831 1658 Ulpianus
859 1575 942 1640 libro
972 1576 1192 1661 quinquagen-

182 1665 265 1730 simo
284 1664 383 1730 tertio
403 1665 442 1729 ad
461 1665 601 1730 edictum
617 1663 667 1751 (P.
684 1659 795 1751 1285).
831 1663 945 1729 Ofilius
966 1715 994 1728 ..
1014 1666 1062 1728 ait
1085 1666 1192 1731 sulcos
1270 1700 1273 1706 ·

183 1753 255 1838 agri
283 1753 408 1819 colendi
436 1775 532 1819 causa
560 1754 698 1818 directos
725 1753 785 1836 ita,
813 1757 851 1817 ut
875 1754 909 1817 in
932 1774 1029 1818 unam
1052 1758 1194 1840 pergant

182 1848 322 1926 partem,
344 1843 394 1907 ius
418 1864 487 1908 esse
511 1842 624 1908 faeere.

274 1941 324 2006 11.
357 1939 396 2004 u.
419 1940 476 2023 39,
495 1939 529 2022 a,
551 1941 582 2022 1,
606 1940 658 2004 21.
717 1937 877 2022 Ulpianus
916 1939 999 2004 naso
1036 1940 1192 2024 quinqua·
1285 1977 1287 1988 .

185 2029 331 2114 gensimo
358 2029 456 2092 tertio
485 2029 525 2092 ad
553 2028 690 2092 edictum
719 2025 767 2112 (P.
789 2026 899 2113 1285).
945 2026 1035 2093 Sicut
1059 2077 1086 2094 ..
1111 2051 1193 2112 opus
1286 2075 1287 2100 .

183 2121 317 2201 factum,
341 2123 377 2181 ut
398 2138 482 2200 aqua
505 2116 614 2198 pluvia
632 2115 712 2178 mihi
731 2121 855 2198 noceat,
877 2117 910 2180 in
929 2115 1014 2181 hanc
1032 2117 1193 2183 actionem

184 2206 286 2288 venit,
309 2206 357 2270 ita
384 2205 662 2287 percontrarium
686 2205 865 2287 quaeritur,
891 2227 933 2269 an
956 2209 1066 2289 posset
1087 2227 1193 2290 aquae

184 2294 314 2376 pluviae
337 2292 492 2358 arcendae
516 2293 579 2378 agi,
602 2293 630 2356 si
652 2292 776 2357 vicinus
795 2315 877 2377 opus
895 2293 1016 2376 fecerit,
1038 2315 1079 2359 ne
1098 2316 1194 2380 aqua,

184 2403 266 2465 quae
304 2381 450 2466 alioquin
485 2381 655 2446 decurrens
693 2401 771 2466 agro
809 2403 882 2447 meo
918 2382 1082 2467 proderat,
1116 2384 1193 2449 huic

183 2471 300 2556 prosit
338 2469 453 2536 Ofilius
476 2471 576 2555 igitur
598 2474 633 2534 et
650 2467 758 2536 Labeo
782 2474 897 2555 putant
921 2470 976 2556 agi
997 2493 1064 2537 uon
1087 2494 1193 2557 posse,

185 2560 313 2624 etiamsi
346 2559 474 2624 intersit
506 2581 578 2623 mea
605 2559 645 2624 ad
673 2581 724 2623 me
752 2582 867 2646 aquam
894 2561 1076 2644 pervenire:
1108 2561 1193 2626 hanc

185 2650 270 2714 enim
299 2649 458 2714 actionem
485 2649 592 2714 locum
614 2647 749 2732 habere,
777 2649 805 2713 si
828 2670 912 2734 aqua
933 2649 1045 2733 pluvia
1066 2654 1194 2734 noceat,

184 2759 252 2802 non
275 2738 303 2802 si
326 2759 391 2803 non
414 2738 525 2820 prosit

276 2837 326 2900 12.
354 2834 392 2898 D.
411 2835 467 2919 39,
482 2836 517 2918 3,
531 2835 566 2919 2,
586 2836 634 2899 10.
675 2833 795 2898 Paulus
818 2833 903 2900 libro
923 2833 1194 2918 quadragensimo

185 2944 270 2987 nono
300 2923 340 2986 ad
369 2922 508 2988 edictum
533 2920 581 3006 (P.
601 2919 690 3008 632),
736 2921 849 2988 Ofilius
873 2922 997 3003 scribit,
1026 2923 1053 2988 si
1075 2922 1195 2989 fundus

184 3015 261 3076 tuus
280 3009 385 3076 vicino
406 3011 527 3075 serviat
544 3015 577 3075 et
590 3016 758 3094 propterea
773 3033 891 3096 aquam
904 3011 1049 3097 recipiat,
1067 3033 1195 3078 cessere

186 3121 288 3184 aquae
310 3098 439 3183 pluviae
463 3099 617 3163 arcendae
640 3099 807 3163 actionem.

498 3272 542 3329 De
559 3273 618 3330 doli
634 3273 702 3329 mali
718 3275 877 3344 mamaeae.

277 3385 327 3450 13.
350 3383 389 3449 D.
408 3383 460 3466 44,
478 3385 510 3468 4,
525 3385 556 3466 4,
575 3384 605 3450 6.
637 3381 799 3558 Ulpianus
822 3383 905 3448 libro
931 3386 1194 3470 septuagensimo

42 3470 51 3477 “
187 3478 279 3538 sexto
299 3473 338 3538 ad
358 3473 497 3538 edictum
515 3469 566 3560 (P.
585 3469 709 3538 167812.
807 3473 892 3555 siis,
914 3475 966 3537 cui
985 3474 1123 3556 pecunia
1142 3475 1194 3540 de·

186 3559 314 3644 beatur,
342 3583 414 3626 cum
442 3561 586 3627 debitore
615 3560 734 3626 decidit
762 3566 795 3626 et
817 3581 935 3626 nomen
958 3561 1026 3626 eius
1044 3563 1195 3630 ,vendidit
