2600 3908
172 209 214 273 98
251 209 298 264 IV.
319 207 464 264 SEPTIMI
479 207 576 263 SAEC.
590 207 687 263 IURIS
706 206 881 264 consum.
897 207 1022 264 sumus
1033 209 1183 264 ALTERA

167 373 219 438 cui
231 373 417 438 secondum
430 372 538 437 11111111
552 376 603 456 cst,
620 373 698 438 ciid
709 392 784 438 usus
798 375 848 452 cst,
866 373 929 438 sice
941 374 1024 454 quod
1034 375 1182 439 1111111111

167 462 293 545 accepit,
320 462 364 526 ud
389 461 489 526 alicua
516 481 580 526 rem
607 465 697 544 atque
723 462 838 544 accepit
862 481 937 528 usus
964 466 1019 544 est,
1044 462 1126 543 furti
1149 484 1182 529 se

168 551 320 635 obtipccit.

257 644 305 702 Ad
332 645 424 706 verba
454 637 545 721 ‘quod
573 644 622 703 cui
644 644 825 704 servandum
848 644 952 704 datum
975 639 1031 704 est’
1055 645 1092 704 cf.
1116 643 1182 705 Gai.

167 734 223 808 III,
244 735 307 796 196
333 727 371 792 ‘si
394 732 526 810 quiere,
550 751 627 810 quae
650 731 731 808 apud
754 751 822 792 eum
846 733 981 810 deposita
1004 733 1044 802 sit
1067 736 1183 811 utatur,

168 825 284 882 furtum
316 815 501 882 committit'.
553 822 591 880 ad
622 822 715 882 verba
746 815 842 898 ‘quod
872 821 1018 882 utendum
1050 817 1181 899 accepit'

169 913 205 972 cf.
230 911 296 971 Gai.
318 910 389 970 ibid.
418 904 462 970 ‘et
489 910 514 970 si
541 910 608 987 quis
635 910 779 970 utendam
800 929 864 970 rem
887 911 1034 987 acceperit
1057 931 1182 988 eamque

167 1001 200 1059 in
223 1000 317 1059 alium
340 1017 429 1058 usum
451 999 651 1075 transtulerit,
673 999 749 1059 furti
772 999 934 1076 obligatur,
955 1000 1052 1061 veluti
1070 1002 1096 1060 si
1114 1001 1183 1078 quis

168 1091 329 1165 argentum
365 1087 510 1150 utendum
547 1089 709 1164 acceperit,
746 1088 832 1164 quasi
864 1089 976 1148 amicos
1007 1089 1046 1148 ad
1079 1109 1183 1150 cenam

168 1177 353 1237 invitaturus
391 1180 423 1236 et
458 1176 491 1236 id
525 1195 650 1252 peregre
687 1195 787 1236 secum
818 1177 937 1256 tulerit,
973 1181 1027 1237 aut
1058 1179 1083 1238 si
1115 1180 1183 1255 quis

169 1285 280 1342 equum
298 1265 437 1343 gestandi
455 1266 556 1342 gratia
571 1265 792 1326 commodatum
805 1266 925 1343 lougius
939 1267 1039 1345 eiiquo
1054 1267 1184 1346 duxerit,

168 1355 250 1433 quod
271 1359 390 1414 veteres
413 1355 595 1429 scripserunt
617 1354 653 1414 de
677 1374 712 1414 eo
736 1355 787 1432 qui
810 1355 842 1413 in
860 1354 955 1415 aciem
972 1350 1182 1431 perduxisset'.

167 1445 224 1504 hoc
261 1444 430 1520 exemplum
465 1443 566 1518 ipsum
597 1443 731 1504 Mucium
763 1443 901 1504 attulisse
934 1443 1069 1505 conicere
1101 1445 1183 1524 licet,

167 1552 235 1592 cum
257 1552 317 1610 non
340 1533 438 1592 solum
459 1530 551 1592 Gaius
574 1533 631 1592 hoc
654 1527 794 1593 ‘veteres'
818 1533 972 1609 scripsisse
995 1533 1104 1610 tradat,
1128 1536 1181 1594 sed

167 1622 260 1682 etiam
287 1621 469 1697 Pomponius
500 1621 578 1682 libro
609 1621 771 1682 vicensimo
801 1622 898 1698 primo
927 1622 965 1681 ad
992 1622 1024 1693 Q.
1048 1623 1183 1684 Mucium

167 1703 218 1792 (D.
240 1713 289 1788 13,
310 1713 338 1789 6,
358 1704 416 1792 21)
440 1711 514 1770 haec
536 1710 659 1770 scribat:
685 1703 723 1768 ‘si
741 1711 967 1770 commodarem
986 1711 1044 1770 tibi
1062 1731 1183 1790 equum,

167 1819 224 1878 quo
262 1799 391 1860 utereris
427 1817 522 1875 usque
554 1799 601 1857 ad'
624 1801 740 1858 certum
772 1793 892 1859 locum’.
947 1799 986 1860 ud
1017 1803 1181 1878 utrumque

167 1890 336 1966 exemplum
361 1888 496 1951 conferas
519 1887 556 1948 D.
575 1889 793 1965 47,2,17pr.,
820 1888 873 1947 ubi
896 1887 1078 1964 Pomponius
1101 1890 1181 1950 libro

165 1978 342 2054 trigensimo
362 1979 467 2037 octavo
486 1977 525 2034 ad
538 1976 685 2046 Quintum
699 1977 831 2036 Mucium
850 1976 966 2036 scribit:
986 1972 1051 2051 ‘qui
1069 1997 1102 2037 re
1121 1979 1181 2039 sibi

167 2067 356 2126 commodata
386 2065 435 2125 vel
466 2065 545 2140 apud
573 2083 604 2125 se
634 2065 771 2142 deposita
797 2083 869 2125 usus
898 2068 944 2124 est
971 2067 1060 2126 aliter
1087 2070 1181 2144 atque

167 2155 294 2230 accepit,
327 2153 352 2214 si
385 2153 569 2215 existimavit
599 2171 630 2214 se
657 2173 717 2214 non
744 2153 839 2214 invito
869 2154 987 2214 domino
1014 2155 1046 2214 id
1073 2157 1180 2232 facere,

165 2243 243 2302 furti
274 2262 335 2302 non
371 2235 511 2304 tenetur'.
566 2241 632 2302 Gai.
655 2243 710 2314 III,
734 2246 796 2304 196
831 2243 888 2303 hoc
921 2242 957 2302 de
990 2245 1179 2305 commodato

165 2331 272 2391 tradit:
301 2324 479 2407 ε1111111111..
503 2349 554 2392 eos
582 2331 634 2408 qui
661 2331 751 2390 rebus
778 2331 974 2392 commodatis
1002 2333 1092 2393 aliter
1113 2339 1181 2394 ute-

165 2423 271 2480 rentur
293 2438 383 2496 quam
405 2420 533 2480 utendas
557 2420 751 2498 accepissent,
773 2420 818 2479 ita
840 2421 957 2480 furtum
980 2422 1178 2499 committere,

166 2510 192 2569 si
215 2509 395 2588 intellegant
417 2509 450 2568 id
472 2527 504 2568 se
526 2509 622 2570 invito
646 2508 766 2568 domino
789 2503 908 2568 facere'.

256 2594 304 2658 2⁸.
337 2591 371 2658 O.
395 2593 430 2676 6,
449 2593 485 2678 2,
503 2593 555 2674 22,
578 2595 604 2657 1.
628 2641 658 2659 ..
681 2593 894 2678 quaerebatur
921 2593 1006 2676 apud
1029 2595 1179 2680 antiquos

165 2683 274 2767 legum
298 2683 499 2766 interpretes,
525 2681 648 2766 siquis
672 2681 889 2748 commodavit
911 2682 967 2747 alii
989 2704 1057 2746 rem
1081 2683 1179 2748 adse

166 2771 383 2854 pertinentem
411 2773 444 2835 et
470 2772 542 2856 ipsa
570 2792 622 2834 res
645 2771 812 2836 subtracta
834 2774 898 2854 est,
925 2793 967 2836 an
991 2771 1068 2836 furti
1092 2773 1177 2837 actio

167 2858 319 2923 adversus
347 2859 451 2924 furem
479 2859 608 2924 institui
635 2860 741 2943 possit
768 2861 810 2924 ab
839 2881 876 2924 eo
905 2859 961 2944 qui
988 2882 1057 2925 rem
1085 2863 1178 2926 uten-

165 2945 239 3010 dam
264 2947 395 3029 accepit.

254 3033 303 3099 2¹³.
341 3035 380 3100 D.
407 3036 459 3117 47,
478 3037 512 3118 2,
538 3037 588 3118 ii,
609 3036 637 3098 1.
700 3035 790 3102 Idem
828 3033 1056 3122 (Pomponius)
1092 3037 1178 3104 libro

165 3123 356 3208 trigensimo
385 3128 499 3188 octavo
528 3123 569 3188 ad
592 3123 748 3201 Quintum
776 3125 917 3190 Mucium
942 3121 991 3213 (P.
1006 3122 1096 3210 322).
1142 3124 1178 3191 si

166 3212 238 3296 quis
262 3212 357 3276 alteri
376 3212 497 3277 furtum
515 3212 629 3280 fecerit
647 3217 680 3276 et
697 3214 730 3278 id
749 3214 835 3299 quod
854 3215 1015 3299 subripuit
1033 3215 1116 3280 alius
1136 3217 1179 3280 ab

168 3323 205 3368 eo
238 3301 415 3386 subripuit,
447 3323 520 3369 cum
551 3303 731 3386 posteriore
759 3304 829 3368 iure
857 3304 1006 3369 dominus
1033 3303 1102 3370 eius
1130 3306 1179 3370 rei

165 3391 244 3457 furti
272 3411 369 3476 agere
395 3395 519 3476 potest,
550 3393 603 3456 fur
629 3392 719 3476 prior
745 3415 811 3459 non
838 3396 962 3477 potest,
990 3393 1063 3458 idco
1091 3394 1178 3478 quod

165 3480 288 3545 domini
315 3481 476 3565 interfuit,
505 3503 570 3546 non
598 3481 716 3565 prioris
744 3482 838 3565 furis,
866 3485 902 3547 ut
929 3482 962 3546 id
989 3481 1074 3564 quod
1101 3483 1176 3546 sub-

165 3574 294 3654 reptum
318 3575 369 3636 est
392 3570 518 3636 salvum
538 3575 631 3636 esset.
667 3571 748 3637 haec
768 3570 908 3648 Quintus
926 3569 1050 3636 Mucius
1070 3570 1176 3636 refert
