2588 3908
185 173 247 236 176
284 172 329 227 Vl.
354 171 721 228 ocrnvrsaue.1uffls
742 172 911 228 CONSULT.
929 173 1054 228 SERIES
1075 173 1193 228 PRIMA
1277 139 1278 162 i

183 342 355 402 definitione
392 341 542 415 pertinent
578 336 707 401 fortasse
739 341 831 401 verba
863 341 1009 418 quaedam
1042 345 1195 420 corrupta,
1277 329 1278 334 ἵ

185 451 261 510 quae
289 431 405 508 D.,50,
426 433 480 506 16,
502 432 564 488 203
598 430 684 489 hodie
716 429 760 489 ita
787 431 943 508 leguntur:
976 424 1065 507 ‘quid
1093 437 1196 490 antem

184 525 263 580 esset
286 537 366 578 »usu
389 533 464 578 suo«
489 539 628 594 magnam
649 517 789 578 habuisse
810 518 1028 579 dubitationem
1047 522 1078 578 et
1096 521 1194 598 magis

185 613 314 686 plaeere,
352 609 430 686 quod
466 608 565 667 vietus
602 607 650 667 sui
687 625 777 666 eausa
808 613 948 683 paratum
981 610 1039 684 est,
1076 611 1197 668 tantum

185 692 356 759 contineri'.
403 715 478 773 quae
501 697 666 755 Mommsen
695 697 737 754 sie
764 697 913 756 restituit:
945 690 991 755 ‘et
1018 691 1121 773 <penu
1148 699 1198 756 sni

184 807 257 846 usus
282 805 372 846 eausa
395 781 522 861 perata>
546 785 642 862 magis
666 780 796 859 plaeere'
815 788 846 844 et
864 805 891 860 q.
907 804 929 846 s.
971 785 1117 845 accedunt
1135 787 1198 846 elia

186 877 277 936 verba
299 876 336 934 D.
352 877 402 952 32,
419 876 460 934 60
483 875 592 932 relata:
616 867 783 950 ‘respondit
802 916 826 934 ..
847 893 907 932 non
931 874 1107 933 dissimilem
1130 894 1197 935 esse

186 965 446 1038 deliberationem,
478 980 546 1020 oum
578 980 671 1036 penus
703 962 804 1039 legata
837 966 916 1022 esset
948 966 979 1022 et
1008 965 1120 1024 multae
1148 983 1198 1024 res

186 1074 262 1132 quae
288 1063 383 1130 penus
412 1053 512 1110 essent
539 1051 724 1132 reliquisset,
753 1071 787 1110 ex
815 1053 924 1128 quibus
951 1055 1039 1128 pater
1063 1053 1197 1113 familias

185 1143 313 1203 vendere
337 1141 444 1200 solitus
468 1133 568 1199 esset'.

516 1290 559 1348 De
572 1293 737 1348 vestimentis
755 1293 859 1363 tepetis.

274 1393 339 1458 29?
362 1391 401 1457 D.
416 1392 568 1478 33,5,20.
597 1393 706 1458 Labeo
721 1394 805 1457 libro
822 1391 961 1456 seeundo
977 1393 1196 1476 posteriorum

187 1508 206 1549 a
233 1481 385 1547 Iauoleno
414 1483 665 1566 epitomatorum
694 1483 743 1566 (P.
768 1479 856 1568 179).
906 1483 1001 1565 Apud
1030 1482 1198 1547 Aufidium

186 1575 269 1637 libro
301 1572 406 1656 primo
438 1569 635 1654 responsum1
667 1577 730 1654 est,
767 1593 838 1635 eum
872 1571 919 1634 ita
951 1572 1096 1653 legatum
1130 1576 1198 1636 est:

186 1661 380 1726 vestimenta
398 1683 480 1745 quae
500 1661 588 1725 volet
607 1660 786 1724 triclinaria
805 1661 924 1724 sumito
939 1661 1063 1744 sibique
1078 1659 1196 1745 habeo,

144 1817 147 1824 ,
187 1751 265 1815 siis
289 1750 424 1814 dixisset
447 1772 529 1834 quae
552 1748 721 1832 <sumere>
742 1748 849 1830 vellet,
873 1748 996 1833 deinde,
1020 1752 1197 1832 antequam

187 1863 226 1904 ee
249 1842 400 1921 sumeret,
424 1838 489 1902 alia
512 1860 547 1902 se
570 1837 652 1900 velle
677 1837 819 1915 dixisset,
843 1842 967 1901 mutare
991 1839 1197 1904 voluntatem

187 1951 259 1993 eum
296 1951 362 1993 non
394 1949 507 2010 posse,
544 1929 581 1990 ut
613 1927 677 1990 alia
710 1931 868 2010 sumeret,
905 1926 981 2010 quia
1018 1948 1113 1990 omne
1145 1927 1198 1992 ius

186 2017 288 2100 legati
314 2017 420 2100 prima
446 2015 635 2098 testatione,
664 2037 727 2098 qua
755 2037 881 2078 sumere
905 2037 939 2078 se
964 2013 1098 2079 dixisset
1122 2038 1199 2081 eon-

187 2107 325 2187 sumpsit
336 2107 357 2188 [,
387 2104 537 2187 quoniam
561 2125 613 2168 res
641 2104 793 2168 continuo
819 2104 886 2167 eius
909 2103 958 2188 fit,
987 2105 1083 2169 simul
1108 2126 1146 2170 ae
1169 2107 1199 2170 si

187 2194 304 2256 dixerit
327 2215 398 2256 eam
422 2193 571 2273 sumere].

274 2304 462 2379 Responsum
489 2305 528 2362 ab
551 2303 671 2364 Aufidio
698 2305 829 2364 relatum
853 2303 951 2365 Servii
978 2304 1097 2363 videtur
1121 2323 1198 2366 esse.

187 2393 224 2451 of.
244 2391 309 2452 Gai.
330 2395 359 2468 2,
375 2395 447 2452 209.
494 2393 616 2452 Sinendi
639 2395 727 2453 modo
749 2395 794 2452 ita
817 2395 964 2471 legamus,
989 2388 1087 2452 ‘heres
1110 2413 1197 2454 meus

187 2483 310 2541 damnas
338 2486 402 2541 esto
426 2482 523 2542 sinere
547 2483 581 2542 L.
605 2482 719 2542 Titium
742 2483 891 2542 hominem
916 2481 1053 2541 Stichum
1076 2501 1196 2543 sumere

187 2571 303 2650 sibique
327 2565 457 2631 habere'.

474 2706 518 2762 De
536 2723 605 2762 auro
622 2708 663 2761 oet
681 2711 793 2778 arqento
811 2706 906 2776 lepato.

277 2807 329 2872 30.
353 2805 391 2870 D.
406 2807 459 2889 34,
473 2807 502 2888 2,
517 2807 558 2871 27
579 2809 643 2886 §3.
667 2807 828 2890 Ulpianus
848 2807 931 2871 libro
951 2807 1198 2892 quadragesimo

188 2899 303 2978 quarto
328 2895 366 2958 ad
392 2893 548 2958 Sabinum
573 2895 621 2980 (P.
637 2891 749 2982 2915).
789 2894 848 2960 Cui
872 2918 986 2960 aurum
1009 2897 1060 2960 vel
1084 2917 1198 2982 argen-

188 2988 259 3046 tum
282 2983 404 3046 factum
428 2984 571 3066 legatum
595 2989 653 3066 est,
680 2984 708 3047 si
730 2984 869 3048 fractum
893 2989 949 3048 eut
972 2985 1120 3049 eollisum
1144 2986 1197 3069 sit,

188 3093 254 3135 non
287 3072 482 3134 continetur:
520 3071 648 3136 Servius
685 3072 771 3135 enim
804 3074 967 3137 existimat
999 3097 1111 3138 eurum
1145 3076 1197 3139 vel

188 3164 358 3245 argentum
376 3159 497 3223 fantum
525 3160 557 3224 id
583 3160 696 3243 videri,
728 3183 791 3245 quo
820 3163 986 3226 commode
1014 3163 1062 3226 uti
1085 3185 1197 3247 possu-

188 3271 269 3332 mus,
288 3254 457 3333 ergentum
477 3254 584 3314 autem
604 3249 741 3314 sr‘aotum
757 3255 789 3314 et
807 3252 953 3315 collisum
971 3273 1037 3316 non
1055 3251 1195 3317 incidere

187 3339 221 3402 in
244 3360 316 3402 eam
341 3338 570 3423 definitionem,
593 3339 649 3403 sed
672 3339 790 3404 infecto
814 3341 981 3406 contineri.

234 3548 240 3560 ⁸
261 3485 283 3602 q.
303 3475 351 3532 Fe.
369 3479 542 3548 rescriptum.
580 3479 732 3533 Mommsen
750 3481 890 3535 estendere
908 3481 982 3534 iubet
1000 3495 1195 3548 responsorum

188 3565 261 3618 seup
277 3567 331 3604 um.
