<?xml version="1.0" encoding="UTF-8"?>
<!DOCTYPE html PUBLIC "-//W3C//DTD XHTML 1.0 Transitional//EN"
    "http://www.w3.org/TR/xhtml1/DTD/xhtml1-transitional.dtd">
<html xmlns="http://www.w3.org/1999/xhtml" xml:lang="en" lang="en">
 <head>
  <title>
</title>
<meta http-equiv="Content-Type" content="text/html;charset=utf-8" />
  <meta name='ocr-system' content='tesseract 3.04.00' />
  <meta name='ocr-capabilities' content='ocr_page ocr_carea ocr_par ocr_line ocrx_word'/>
</head>
<body>
  <div class='ocr_page' id='page_1' title='image "./iurisprudentiae05bremgoog_0336.png"; bbox 0 0 2598 3910; ppageno 0'>
   <div class='ocr_carea' id='block_1_1' title="bbox 169 157 1289 265">
    <p class='ocr_par' dir='ltr' id='par_1_1' title="bbox 169 157 1289 265">
     <span class='ocr_line' id='line_1_1' title="bbox 169 157 1289 265; baseline -0.008 0"><span class='ocrx_word' id='word_1_1' title='bbox 169 201 234 265; x_wconf 79' lang='lat'><strong>326</strong></span> <span class='ocrx_word' id='word_1_2' title='bbox 260 201 333 256; x_wconf 87' lang='lat' dir='ltr'>VIII.</span> <span class='ocrx_word' id='word_1_3' title='bbox 349 201 485 257; x_wconf 81' lang='lat' dir='ltr'>OCTAVI</span> <span class='ocrx_word' id='word_1_4' title='bbox 500 195 1029 257; x_wconf 75' lang='lat' dir='ltr'><strong>snuc.ruals&#39;consunusnn1ns</strong></span> <span class='ocrx_word' id='word_1_5' title='bbox 1045 201 1180 256; x_wconf 80' lang='lat' dir='ltr'>TERTIA</span> <span class='ocrx_word' id='word_1_6' title='bbox 1287 157 1289 198; x_wconf 69' lang='lat' dir='ltr'><strong>l</strong></span> 
     </span>
    </p>
   </div>
   <div class='ocr_carea' id='block_1_2' title="bbox 169 363 1180 448">
    <p class='ocr_par' dir='ltr' id='par_1_2' title="bbox 169 363 1180 448">
     <span class='ocr_line' id='line_1_2' title="bbox 169 363 1180 448; baseline 0 -19"><span class='ocrx_word' id='word_1_7' title='bbox 169 367 286 429; x_wconf 84' lang='lat' dir='ltr'><strong>onusta</strong></span> <span class='ocrx_word' id='word_1_8' title='bbox 309 365 416 429; x_wconf 90' lang='lat' dir='ltr'><strong>mulae</strong></span> <span class='ocrx_word' id='word_1_9' title='bbox 440 364 612 429; x_wconf 87' lang='lat' dir='ltr'><strong>ducebant:</strong></span> <span class='ocrx_word' id='word_1_10' title='bbox 637 364 755 448; x_wconf 88' lang='lat' dir='ltr'><strong>prioris</strong></span> <span class='ocrx_word' id='word_1_11' title='bbox 780 363 898 448; x_wconf 89' lang='lat' dir='ltr'><strong>plostri</strong></span> <span class='ocrx_word' id='word_1_12' title='bbox 921 364 1081 428; x_wconf 89' lang='lat' dir='ltr'><strong>muliones</strong></span> <span class='ocrx_word' id='word_1_13' title='bbox 1106 385 1180 429; x_wconf 86' lang='lat' dir='ltr'><strong>eon·</strong></span> 
     </span>
    </p>
   </div>
   <div class='ocr_carea' id='block_1_3' title="bbox 168 453 1289 627">
    <p class='ocr_par' dir='ltr' id='par_1_3' title="bbox 168 453 1289 627">
     <span class='ocr_line' id='line_1_3' title="bbox 168 453 1289 550; baseline -0.003 -31"><span class='ocrx_word' id='word_1_14' title='bbox 168 475 295 519; x_wconf 85' lang='lat' dir='ltr'><strong>versum</strong></span> <span class='ocrx_word' id='word_1_15' title='bbox 319 454 481 538; x_wconf 85' lang='lat' dir='ltr'><strong>plostrum</strong></span> <span class='ocrx_word' id='word_1_16' title='bbox 505 454 742 534; x_wconf 85' lang='lat' dir='ltr'><strong>sublevabant[,</strong></span> <span class='ocrx_word' id='word_1_17' title='bbox 765 475 828 537; x_wconf 93' lang='lat' dir='ltr'><strong>quo</strong></span> <span class='ocrx_word' id='word_1_18' title='bbox 852 453 945 517; x_wconf 86' lang='lat' dir='ltr'><strong>facile</strong></span> <span class='ocrx_word' id='word_1_19' title='bbox 966 453 1073 517; x_wconf 91' lang='lat' dir='ltr'><strong>mulae</strong></span> <span class='ocrx_word' id='word_1_20' title='bbox 1094 453 1181 535; x_wconf 83' lang='lat' dir='ltr'><strong>face·</strong></span> <span class='ocrx_word' id='word_1_21' title='bbox 1288 489 1289 550; x_wconf 54' lang='lat'>3</span> 
     </span>
     <span class='ocr_line' id='line_1_4' title="bbox 168 541 1289 627; baseline 0 -21"><span class='ocrx_word' id='word_1_22' title='bbox 168 546 242 606; x_wconf 86' lang='lat' dir='ltr'><strong>rent</strong></span> <span class='ocrx_word' id='word_1_23' title='bbox 269 541 371 624; x_wconf 76' lang='lat' dir='ltr'><strong>iter²].</strong></span> <span class='ocrx_word' id='word_1_24' title='bbox 419 544 565 627; x_wconf 88' lang='lat' dir='ltr'><strong>superius</strong></span> <span class='ocrx_word' id='word_1_25' title='bbox 592 541 754 625; x_wconf 89' lang='lat' dir='ltr'><strong>plostrum</strong></span> <span class='ocrx_word' id='word_1_26' title='bbox 783 541 898 607; x_wconf 82' lang='lat' dir='ltr'><strong>cessim</strong></span> <span class='ocrx_word' id='word_1_27' title='bbox 930 543 977 606; x_wconf 91' lang='lat' dir='ltr'><strong>ire</strong></span> <span class='ocrx_word' id='word_1_28' title='bbox 1010 543 1118 626; x_wconf 90' lang='lat' dir='ltr'><strong>coepit</strong></span> <span class='ocrx_word' id='word_1_29' title='bbox 1147 547 1181 608; x_wconf 89' lang='lat' dir='ltr'><strong>et</strong></span> <span class='ocrx_word' id='word_1_30' title='bbox 1287 565 1289 578; x_wconf 87' lang='grc'><strong><em>·</em></strong></span> 
     </span>
    </p>
   </div>
   <div class='ocr_carea' id='block_1_4' title="bbox 168 630 1179 804">
    <p class='ocr_par' dir='ltr' id='par_1_4' title="bbox 168 630 1179 804">
     <span class='ocr_line' id='line_1_5' title="bbox 169 630 1179 717; baseline 0.002 -22"><span class='ocrx_word' id='word_1_31' title='bbox 169 653 242 695; x_wconf 88' lang='lat' dir='ltr'><strong>eum</strong></span> <span class='ocrx_word' id='word_1_32' title='bbox 264 633 435 717; x_wconf 90' lang='lat' dir='ltr'><strong>muliones,</strong></span> <span class='ocrx_word' id='word_1_33' title='bbox 457 633 511 716; x_wconf 91' lang='lat' dir='ltr'><strong>qui</strong></span> <span class='ocrx_word' id='word_1_34' title='bbox 534 632 618 696; x_wconf 87' lang='lat' dir='ltr'><strong>iuter</strong></span> <span class='ocrx_word' id='word_1_35' title='bbox 641 630 704 696; x_wconf 91' lang='lat' dir='ltr'><strong>duo</strong></span> <span class='ocrx_word' id='word_1_36' title='bbox 727 631 854 714; x_wconf 77' lang='lat' dir='ltr'><strong>plostra</strong></span> <span class='ocrx_word' id='word_1_37' title='bbox 872 630 1012 712; x_wconf 89' lang='lat' dir='ltr'><strong>fuerunt,</strong></span> <span class='ocrx_word' id='word_1_38' title='bbox 1036 630 1179 697; x_wconf 87' lang='lat' dir='ltr'><strong>emedio</strong></span> 
     </span>
     <span class='ocr_line' id='line_1_6' title="bbox 168 719 1179 804; baseline 0.002 -21"><span class='ocrx_word' id='word_1_39' title='bbox 168 721 317 804; x_wconf 73' lang='lat' dir='ltr'><strong>exissent,</strong></span> <span class='ocrx_word' id='word_1_40' title='bbox 340 721 688 804; x_wconf 84' lang='lat' dir='ltr'><strong>posterius-plostrum</strong></span> <span class='ocrx_word' id='word_1_41' title='bbox 712 742 731 783; x_wconf 88' lang='lat' dir='ltr'><strong>a</strong></span> <span class='ocrx_word' id='word_1_42' title='bbox 753 719 861 804; x_wconf 89' lang='lat' dir='ltr'><strong>priore</strong></span> <span class='ocrx_word' id='word_1_43' title='bbox 884 741 1072 803; x_wconf 87' lang='lat' dir='ltr'><strong>percussum</strong></span> <span class='ocrx_word' id='word_1_44' title='bbox 1090 726 1179 786; x_wconf 88' lang='lat' dir='ltr'><strong>retro</strong></span> 
     </span>
    </p>
   </div>
   <div class='ocr_carea' id='block_1_5' title="bbox 89 803 1289 1160">
    <p class='ocr_par' dir='ltr' id='par_1_5' title="bbox 89 803 1289 1160">
     <span class='ocr_line' id='line_1_7' title="bbox 165 803 1289 894; baseline 0.002 -22"><span class='ocrx_word' id='word_1_45' title='bbox 165 809 306 873; x_wconf 88' lang='lat' dir='ltr'><strong>redierat</strong></span> <span class='ocrx_word' id='word_1_46' title='bbox 346 815 379 874; x_wconf 92' lang='lat' dir='ltr'><strong>et</strong></span> <span class='ocrx_word' id='word_1_47' title='bbox 418 830 553 892; x_wconf 90' lang='lat' dir='ltr'><strong>puerum</strong></span> <span class='ocrx_word' id='word_1_48' title='bbox 595 808 759 873; x_wconf 87' lang='lat' dir='ltr'><strong>cuiusdam</strong></span> <span class='ocrx_word' id='word_1_49' title='bbox 797 809 987 872; x_wconf 68' lang='lat' dir='ltr'><strong>obtriverat:</strong></span> <span class='ocrx_word' id='word_1_50' title='bbox 1029 803 1180 874; x_wconf 90' lang='lat' dir='ltr'><strong>dominus</strong></span> <span class='ocrx_word' id='word_1_51' title='bbox 1288 831 1289 894; x_wconf 72' lang='lat' dir='ltr'>j</span> 
     </span>
     <span class='ocr_line' id='line_1_8' title="bbox 165 894 1289 982; baseline 0.001 -21"><span class='ocrx_word' id='word_1_52' title='bbox 165 898 257 980; x_wconf 91' lang='lat' dir='ltr'><strong>pueri</strong></span> <span class='ocrx_word' id='word_1_53' title='bbox 285 899 487 981; x_wconf 81' lang='lat' dir='ltr'><strong>consulebat,</strong></span> <span class='ocrx_word' id='word_1_54' title='bbox 520 919 592 962; x_wconf 90' lang='lat' dir='ltr'><strong>cum</strong></span> <span class='ocrx_word' id='word_1_55' title='bbox 625 919 688 980; x_wconf 91' lang='lat' dir='ltr'><strong>quo</strong></span> <span class='ocrx_word' id='word_1_56' title='bbox 717 919 751 960; x_wconf 85' lang='lat' dir='ltr'><strong>eo</strong></span> <span class='ocrx_word' id='word_1_57' title='bbox 779 918 875 982; x_wconf 83' lang='lat' dir='ltr'><strong>agere</strong></span> <span class='ocrx_word' id='word_1_58' title='bbox 903 894 1080 981; x_wconf 90' lang='lat' dir='ltr'><strong>oporteret.</strong></span> <span class='ocrx_word' id='word_1_59' title='bbox 1130 919 1180 962; x_wconf 86' lang='lat' dir='ltr'><strong>re·</strong></span> <span class='ocrx_word' id='word_1_60' title='bbox 1287 911 1289 972; x_wconf 60' lang='lat' dir='ltr'><strong>l</strong></span> 
     </span>
     <span class='ocr_line' id='line_1_9' title="bbox 165 986 1289 1070; baseline 0.002 -20"><span class='ocrx_word' id='word_1_61' title='bbox 165 986 280 1070; x_wconf 85' lang='lat' dir='ltr'><strong>spondi</strong></span> <span class='ocrx_word' id='word_1_62' title='bbox 307 988 341 1051; x_wconf 91' lang='lat' dir='ltr'><strong>in</strong></span> <span class='ocrx_word' id='word_1_63' title='bbox 369 1008 467 1050; x_wconf 87' lang='lat' dir='ltr'><strong>causa</strong></span> <span class='ocrx_word' id='word_1_64' title='bbox 493 987 544 1050; x_wconf 87' lang='lat' dir='ltr'><strong>ius</strong></span> <span class='ocrx_word' id='word_1_65' title='bbox 572 1007 642 1050; x_wconf 89' lang='lat' dir='ltr'><strong>esse</strong></span> <span class='ocrx_word' id='word_1_66' title='bbox 670 987 827 1070; x_wconf 89' lang='lat' dir='ltr'><strong>positum:</strong></span> <span class='ocrx_word' id='word_1_67' title='bbox 854 1007 931 1050; x_wconf 89' lang='lat' dir='ltr'><strong>nam</strong></span> <span class='ocrx_word' id='word_1_68' title='bbox 955 987 984 1050; x_wconf 90' lang='lat' dir='ltr'><strong>si</strong></span> <span class='ocrx_word' id='word_1_69' title='bbox 1007 987 1178 1067; x_wconf 90' lang='lat' dir='ltr'><strong>muliones,</strong></span> <span class='ocrx_word' id='word_1_70' title='bbox 1288 987 1289 1022; x_wconf 73' lang='lat'><em>³</em></span> 
     </span>
     <span class='ocr_line' id='line_1_10' title="bbox 89 1067 1289 1160; baseline 0.003 -22"><span class='ocrx_word' id='word_1_71' title='bbox 89 1105 91 1112; x_wconf 95' lang='lat'>·</span> <span class='ocrx_word' id='word_1_72' title='bbox 165 1077 221 1158; x_wconf 93' lang='lat' dir='ltr'><strong>qui</strong></span> <span class='ocrx_word' id='word_1_73' title='bbox 254 1075 401 1160; x_wconf 85' lang='lat' dir='ltr'><strong>superius</strong></span> <span class='ocrx_word' id='word_1_74' title='bbox 434 1076 593 1158; x_wconf 91' lang='lat' dir='ltr'><strong>plostrum</strong></span> <span class='ocrx_word' id='word_1_75' title='bbox 626 1075 869 1158; x_wconf 85' lang='lat' dir='ltr'><strong>sustinuissent,</strong></span> <span class='ocrx_word' id='word_1_76' title='bbox 903 1097 961 1139; x_wconf 89' lang='lat' dir='ltr'><strong>sua</strong></span> <span class='ocrx_word' id='word_1_77' title='bbox 994 1079 1109 1160; x_wconf 88' lang='lat' dir='ltr'><strong>sponte</strong></span> <span class='ocrx_word' id='word_1_78' title='bbox 1143 1098 1178 1142; x_wconf 88' lang='lat' dir='ltr'><strong>se</strong></span> <span class='ocrx_word' id='word_1_79' title='bbox 1288 1067 1289 1108; x_wconf 61' lang='lat'><strong>³</strong></span> 
     </span>
    </p>
   </div>
   <div class='ocr_carea' id='block_1_6' title="bbox 153 1163 1177 2226">
    <p class='ocr_par' dir='ltr' id='par_1_6' title="bbox 153 1163 1177 2226">
     <span class='ocr_line' id='line_1_11' title="bbox 164 1163 1173 1248; baseline 0.001 -20"><span class='ocrx_word' id='word_1_80' title='bbox 164 1163 391 1229; x_wconf 85' lang='lat' dir='ltr'><strong>subduxissent</strong></span> <span class='ocrx_word' id='word_1_81' title='bbox 414 1169 447 1229; x_wconf 91' lang='lat' dir='ltr'><strong>et</strong></span> <span class='ocrx_word' id='word_1_82' title='bbox 469 1164 541 1229; x_wconf 91' lang='lat' dir='ltr'><strong>ideo</strong></span> <span class='ocrx_word' id='word_1_83' title='bbox 564 1163 688 1228; x_wconf 87' lang='lat' dir='ltr'><strong>factum</strong></span> <span class='ocrx_word' id='word_1_84' title='bbox 711 1168 805 1248; x_wconf 88' lang='lat' dir='ltr'><strong>esset,</strong></span> <span class='ocrx_word' id='word_1_85' title='bbox 828 1165 864 1228; x_wconf 92' lang='lat' dir='ltr'><strong>ut</strong></span> <span class='ocrx_word' id='word_1_86' title='bbox 887 1165 996 1238; x_wconf 88' lang='lat' dir='ltr'><strong>mulae</strong></span> <span class='ocrx_word' id='word_1_87' title='bbox 1013 1168 1173 1248; x_wconf 88' lang='lat' dir='ltr'><strong>plostrum</strong></span> 
     </span>
     <span class='ocr_line' id='line_1_12' title="bbox 161 1253 1174 1338; baseline 0.001 -21"><span class='ocrx_word' id='word_1_88' title='bbox 161 1253 299 1318; x_wconf 85' lang='lat' dir='ltr'><strong>retinere</strong></span> <span class='ocrx_word' id='word_1_89' title='bbox 326 1274 392 1317; x_wconf 91' lang='lat' dir='ltr'><strong>non</strong></span> <span class='ocrx_word' id='word_1_90' title='bbox 419 1254 547 1336; x_wconf 88' lang='lat' dir='ltr'><strong>possint</strong></span> <span class='ocrx_word' id='word_1_91' title='bbox 574 1257 673 1334; x_wconf 88' lang='lat' dir='ltr'><strong>atque</strong></span> <span class='ocrx_word' id='word_1_92' title='bbox 701 1275 797 1318; x_wconf 89' lang='lat' dir='ltr'><strong>onere</strong></span> <span class='ocrx_word' id='word_1_93' title='bbox 825 1253 1174 1338; x_wconf 86' lang='lat' dir='ltr'><strong>ipsoretraherentur,</strong></span> 
     </span>
     <span class='ocr_line' id='line_1_13' title="bbox 162 1341 1174 1428; baseline 0.001 -22"><span class='ocrx_word' id='word_1_94' title='bbox 162 1363 235 1406; x_wconf 91' lang='lat' dir='ltr'><strong>oum</strong></span> <span class='ocrx_word' id='word_1_95' title='bbox 272 1341 401 1407; x_wconf 90' lang='lat' dir='ltr'><strong>domino</strong></span> <span class='ocrx_word' id='word_1_96' title='bbox 438 1341 599 1406; x_wconf 90' lang='lat' dir='ltr'><strong>mularum</strong></span> <span class='ocrx_word' id='word_1_97' title='bbox 631 1342 755 1406; x_wconf 89' lang='lat' dir='ltr'><strong>nullam</strong></span> <span class='ocrx_word' id='word_1_98' title='bbox 788 1363 857 1428; x_wconf 84' lang='lat' dir='ltr'><strong>esse</strong></span> <span class='ocrx_word' id='word_1_99' title='bbox 889 1343 1064 1426; x_wconf 86' lang='lat' dir='ltr'><strong>actionem,</strong></span> <span class='ocrx_word' id='word_1_100' title='bbox 1100 1364 1174 1407; x_wconf 91' lang='lat' dir='ltr'><strong>cum</strong></span> 
     </span>
     <span class='ocr_line' id='line_1_14' title="bbox 161 1430 1174 1517; baseline 0.002 -23"><span class='ocrx_word' id='word_1_101' title='bbox 161 1430 358 1515; x_wconf 90' lang='lat' dir='ltr'><strong>hominibus,</strong></span> <span class='ocrx_word' id='word_1_102' title='bbox 377 1431 431 1516; x_wconf 85' lang='lat' dir='ltr'><strong>qui</strong></span> <span class='ocrx_word' id='word_1_103' title='bbox 450 1453 639 1496; x_wconf 85' lang='lat' dir='ltr'><strong>conversum</strong></span> <span class='ocrx_word' id='word_1_104' title='bbox 658 1431 820 1514; x_wconf 92' lang='lat' dir='ltr'><strong>plostrum</strong></span> <span class='ocrx_word' id='word_1_105' title='bbox 839 1431 1078 1515; x_wconf 85' lang='lat' dir='ltr'><strong>sustinuissent,</strong></span> <span class='ocrx_word' id='word_1_106' title='bbox 1100 1432 1174 1517; x_wconf 82' lang='lat' dir='ltr'><strong>lege</strong></span> 
     </span>
     <span class='ocr_line' id='line_1_15' title="bbox 162 1519 1175 1606; baseline 0.003 -24"><span class='ocrx_word' id='word_1_107' title='bbox 162 1519 295 1602; x_wconf 89' lang='lat' dir='ltr'><strong>Aquilia</strong></span> <span class='ocrx_word' id='word_1_108' title='bbox 322 1521 376 1606; x_wconf 82' lang='lat' dir='ltr'><strong>agi</strong></span> <span class='ocrx_word' id='word_1_109' title='bbox 403 1541 512 1604; x_wconf 81' lang='lat' dir='ltr'><strong>posse3</strong></span> <span class='ocrx_word' id='word_1_110' title='bbox 544 1543 619 1584; x_wconf 91' lang='lat' dir='ltr'><strong>nam</strong></span> <span class='ocrx_word' id='word_1_111' title='bbox 649 1520 752 1585; x_wconf 86' lang='lat' dir='ltr'><strong>nihilo</strong></span> <span class='ocrx_word' id='word_1_112' title='bbox 781 1522 888 1584; x_wconf 87' lang='lat' dir='ltr'><strong>minus</strong></span> <span class='ocrx_word' id='word_1_113' title='bbox 917 1541 989 1584; x_wconf 91' lang='lat' dir='ltr'><strong>enm</strong></span> <span class='ocrx_word' id='word_1_114' title='bbox 1018 1520 1175 1585; x_wconf 89' lang='lat' dir='ltr'><strong>damnum</strong></span> 
     </span>
     <span class='ocr_line' id='line_1_16' title="bbox 163 1607 1177 1695; baseline 0.003 -24"><span class='ocrx_word' id='word_1_115' title='bbox 163 1607 253 1692; x_wconf 87' lang='lat' dir='ltr'><strong>dare,</strong></span> <span class='ocrx_word' id='word_1_116' title='bbox 282 1609 336 1693; x_wconf 91' lang='lat' dir='ltr'><strong>qui</strong></span> <span class='ocrx_word' id='word_1_117' title='bbox 365 1609 450 1694; x_wconf 92' lang='lat' dir='ltr'><strong>quod</strong></span> <span class='ocrx_word' id='word_1_118' title='bbox 479 1609 654 1674; x_wconf 88' lang='lat' dir='ltr'><strong>sustineret</strong></span> <span class='ocrx_word' id='word_1_119' title='bbox 681 1609 826 1674; x_wconf 85' lang='lat' dir='ltr'><strong>mitteret</strong></span> <span class='ocrx_word' id='word_1_120' title='bbox 854 1631 912 1673; x_wconf 84' lang='lat' dir='ltr'><strong>sua</strong></span> <span class='ocrx_word' id='word_1_121' title='bbox 934 1609 1116 1695; x_wconf 86' lang='lat' dir='ltr'><strong>voluntate,</strong></span> <span class='ocrx_word' id='word_1_122' title='bbox 1139 1615 1177 1674; x_wconf 90' lang='lat' dir='ltr'><strong>ut</strong></span> 
     </span>
     <span class='ocr_line' id='line_1_17' title="bbox 161 1697 1172 1784; baseline 0.002 -24"><span class='ocrx_word' id='word_1_123' title='bbox 161 1697 195 1761; x_wconf 91' lang='lat' dir='ltr'><strong>id</strong></span> <span class='ocrx_word' id='word_1_124' title='bbox 228 1697 368 1782; x_wconf 81' lang='lat' dir='ltr'><strong>aliquem</strong></span> <span class='ocrx_word' id='word_1_125' title='bbox 397 1698 522 1783; x_wconf 87' lang='lat' dir='ltr'><strong>feriret,</strong></span> <span class='ocrx_word' id='word_1_126' title='bbox 554 1698 655 1763; x_wconf 87' lang='lat' dir='ltr'><strong>veluti</strong></span> <span class='ocrx_word' id='word_1_127' title='bbox 683 1698 711 1762; x_wconf 88' lang='lat' dir='ltr'><strong>si</strong></span> <span class='ocrx_word' id='word_1_128' title='bbox 739 1699 810 1782; x_wconf 90' lang='lat' dir='ltr'><strong>quis</strong></span> <span class='ocrx_word' id='word_1_129' title='bbox 839 1698 974 1762; x_wconf 86' lang='lat' dir='ltr'><strong>asellum</strong></span> <span class='ocrx_word' id='word_1_130' title='bbox 1003 1719 1075 1762; x_wconf 93' lang='lat' dir='ltr'><strong>cum</strong></span> <span class='ocrx_word' id='word_1_131' title='bbox 1104 1699 1172 1784; x_wconf 84' lang='lat' dir='ltr'><strong>agi-</strong></span> 
     </span>
     <span class='ocr_line' id='line_1_18' title="bbox 161 1786 1173 1871; baseline 0.002 -21"><span class='ocrx_word' id='word_1_132' title='bbox 161 1791 264 1852; x_wconf 85' lang='lat' dir='ltr'><strong>tasset</strong></span> <span class='ocrx_word' id='word_1_133' title='bbox 291 1796 367 1853; x_wconf 79' lang='lat' dir='ltr'><strong>non&#39;</strong></span> <span class='ocrx_word' id='word_1_134' title='bbox 384 1788 585 1870; x_wconf 90' lang='lat' dir='ltr'><strong>retinuisset,</strong></span> <span class='ocrx_word' id='word_1_135' title='bbox 615 1808 714 1870; x_wconf 88' lang='lat' dir='ltr'><strong>aeque</strong></span> <span class='ocrx_word' id='word_1_136' title='bbox 738 1788 766 1850; x_wconf 91' lang='lat' dir='ltr'><strong>si</strong></span> <span class='ocrx_word' id='word_1_137' title='bbox 789 1786 861 1871; x_wconf 93' lang='lat' dir='ltr'><strong>quis</strong></span> <span class='ocrx_word' id='word_1_138' title='bbox 886 1808 924 1851; x_wconf 85' lang='lat' dir='ltr'><strong>ex</strong></span> <span class='ocrx_word' id='word_1_139' title='bbox 948 1808 1046 1851; x_wconf 86' lang='lat' dir='ltr'><strong>manu</strong></span> <span class='ocrx_word' id='word_1_140' title='bbox 1068 1787 1173 1852; x_wconf 88' lang='lat' dir='ltr'><strong>telum</strong></span> 
     </span>
     <span class='ocr_line' id='line_1_19' title="bbox 153 1874 1173 1962; baseline 0 -22"><span class='ocrx_word' id='word_1_141' title='bbox 153 1879 218 1940; x_wconf 85' lang='lat' dir='ltr'><strong>-aut</strong></span> <span class='ocrx_word' id='word_1_142' title='bbox 242 1877 329 1941; x_wconf 87' lang='lat' dir='ltr'><strong>aliud</strong></span> <span class='ocrx_word' id='word_1_143' title='bbox 353 1875 430 1962; x_wconf 93' lang='lat' dir='ltr'><strong>quid</strong></span> <span class='ocrx_word' id='word_1_144' title='bbox 452 1876 649 1959; x_wconf 84' lang='lat' dir='ltr'><strong>immisisset,</strong></span> <span class='ocrx_word' id='word_1_145' title='bbox 672 1875 824 1940; x_wconf 90' lang='lat' dir='ltr'><strong>damnum</strong></span> <span class='ocrx_word' id='word_1_146' title='bbox 842 1874 962 1940; x_wconf 86' lang='lat' dir='ltr'><strong>iniuria</strong></span> <span class='ocrx_word' id='word_1_147' title='bbox 979 1875 1081 1940; x_wconf 85' lang='lat' dir='ltr'><strong>deret.</strong></span> <span class='ocrx_word' id='word_1_148' title='bbox 1116 1877 1173 1940; x_wconf 92' lang='lat' dir='ltr'><strong>sed</strong></span> 
     </span>
     <span class='ocr_line' id='line_1_20' title="bbox 162 1963 1173 2050; baseline 0.002 -22"><span class='ocrx_word' id='word_1_149' title='bbox 162 1965 190 2028; x_wconf 88' lang='lat' dir='ltr'><strong>si</strong></span> <span class='ocrx_word' id='word_1_150' title='bbox 204 1966 322 2048; x_wconf 87' lang='lat' dir='ltr'><strong>mulae,</strong></span> <span class='ocrx_word' id='word_1_151' title='bbox 340 1967 416 2050; x_wconf 88' lang='lat' dir='ltr'><strong>quia</strong></span> <span class='ocrx_word' id='word_1_152' title='bbox 431 1965 552 2048; x_wconf 87' lang='lat' dir='ltr'><strong>aliquid</strong></span> <span class='ocrx_word' id='word_1_153' title='bbox 566 1963 838 2048; x_wconf 86' lang='lat' dir='ltr'><strong>reformidassent,</strong></span> <span class='ocrx_word' id='word_1_154' title='bbox 858 1964 1121 2048; x_wconf 87' lang='lat' dir='ltr'><strong>&lt;recessissent&gt;,</strong></span> <span class='ocrx_word' id='word_1_155' title='bbox 1140 1969 1173 2030; x_wconf 90' lang='lat' dir='ltr'><strong>et</strong></span> 
     </span>
     <span class='ocr_line' id='line_1_21' title="bbox 161 2051 1173 2137; baseline 0.001 -20"><span class='ocrx_word' id='word_1_156' title='bbox 161 2055 320 2119; x_wconf 90' lang='lat' dir='ltr'><strong>muliones</strong></span> <span class='ocrx_word' id='word_1_157' title='bbox 342 2056 459 2118; x_wconf 90' lang='lat' dir='ltr'><strong>timore</strong></span> <span class='ocrx_word' id='word_1_158' title='bbox 482 2051 630 2137; x_wconf 89' lang='lat' dir='ltr'><strong>permoti,</strong></span> <span class='ocrx_word' id='word_1_159' title='bbox 653 2073 694 2116; x_wconf 92' lang='lat' dir='ltr'><strong>ne</strong></span> <span class='ocrx_word' id='word_1_160' title='bbox 717 2053 988 2136; x_wconf 88' lang='lat' dir='ltr'><strong>opprimerentur,</strong></span> <span class='ocrx_word' id='word_1_161' title='bbox 1010 2054 1173 2136; x_wconf 87' lang='lat' dir='ltr'><strong>plostrum</strong></span> 
     </span>
     <span class='ocr_line' id='line_1_22' title="bbox 161 2140 1173 2226; baseline 0.002 -21"><span class='ocrx_word' id='word_1_162' title='bbox 161 2143 384 2226; x_wconf 88' lang='lat' dir='ltr'><strong>reliquissent,</strong></span> <span class='ocrx_word' id='word_1_163' title='bbox 418 2163 490 2206; x_wconf 92' lang='lat' dir='ltr'><strong>cum</strong></span> <span class='ocrx_word' id='word_1_164' title='bbox 527 2140 713 2206; x_wconf 88' lang='lat' dir='ltr'><strong>hominibus</strong></span> <span class='ocrx_word' id='word_1_165' title='bbox 745 2141 903 2206; x_wconf 87' lang='lat' dir='ltr'><strong>actionem</strong></span> <span class='ocrx_word' id='word_1_166' title='bbox 935 2143 1058 2206; x_wconf 89' lang='lat' dir='ltr'><strong>nullam</strong></span> <span class='ocrx_word' id='word_1_167' title='bbox 1091 2164 1173 2224; x_wconf 87' lang='lat' dir='ltr'><strong>esse,</strong></span> 
     </span>
    </p>
   </div>
   <div class='ocr_carea' id='block_1_7' title="bbox 161 2230 1281 2316">
    <p class='ocr_par' dir='ltr' id='par_1_7' title="bbox 161 2230 1281 2316">
     <span class='ocr_line' id='line_1_23' title="bbox 161 2230 1281 2316; baseline 0.002 -21"><span class='ocrx_word' id='word_1_168' title='bbox 161 2253 233 2295; x_wconf 91' lang='lat' dir='ltr'><strong>cum</strong></span> <span class='ocrx_word' id='word_1_169' title='bbox 266 2231 397 2296; x_wconf 90' lang='lat' dir='ltr'><strong>domino</strong></span> <span class='ocrx_word' id='word_1_170' title='bbox 429 2232 589 2295; x_wconf 90' lang='lat' dir='ltr'><strong>mularum</strong></span> <span class='ocrx_word' id='word_1_171' title='bbox 622 2251 701 2296; x_wconf 83' lang='lat' dir='ltr'><strong>esse.</strong></span> <span class='ocrx_word' id='word_1_172' title='bbox 752 2230 837 2316; x_wconf 89' lang='lat' dir='ltr'><strong>quod</strong></span> <span class='ocrx_word' id='word_1_173' title='bbox 871 2230 898 2296; x_wconf 89' lang='lat' dir='ltr'><strong>si</strong></span> <span class='ocrx_word' id='word_1_174' title='bbox 929 2252 1030 2312; x_wconf 90' lang='lat' dir='ltr'><strong>neque</strong></span> <span class='ocrx_word' id='word_1_175' title='bbox 1063 2232 1174 2297; x_wconf 82' lang='lat' dir='ltr'><strong>mulae</strong></span> <span class='ocrx_word' id='word_1_176' title='bbox 1278 2309 1281 2316; x_wconf 36' lang='grc'>,</span> 
     </span>
    </p>
   </div>
   <div class='ocr_carea' id='block_1_8' title="bbox 155 2319 1176 3094">
    <p class='ocr_par' dir='ltr' id='par_1_8' title="bbox 155 2319 1176 3094">
     <span class='ocr_line' id='line_1_24' title="bbox 159 2319 1173 2404; baseline 0.002 -20"><span class='ocrx_word' id='word_1_177' title='bbox 159 2341 264 2403; x_wconf 91' lang='lat' dir='ltr'><strong>neque</strong></span> <span class='ocrx_word' id='word_1_178' title='bbox 292 2320 439 2385; x_wconf 88' lang='lat' dir='ltr'><strong>homines</strong></span> <span class='ocrx_word' id='word_1_179' title='bbox 467 2321 500 2384; x_wconf 92' lang='lat' dir='ltr'><strong>in</strong></span> <span class='ocrx_word' id='word_1_180' title='bbox 528 2342 626 2385; x_wconf 85' lang='lat' dir='ltr'><strong>causa</strong></span> <span class='ocrx_word' id='word_1_181' title='bbox 654 2323 774 2404; x_wconf 85' lang='lat' dir='ltr'><strong>essent,</strong></span> <span class='ocrx_word' id='word_1_182' title='bbox 804 2319 859 2383; x_wconf 90' lang='lat' dir='ltr'><strong>sed</strong></span> <span class='ocrx_word' id='word_1_183' title='bbox 891 2321 997 2384; x_wconf 85' lang='lat' dir='ltr'><strong>mulae</strong></span> <span class='ocrx_word' id='word_1_184' title='bbox 1029 2321 1173 2386; x_wconf 88' lang='lat' dir='ltr'><strong>retinere</strong></span> 
     </span>
     <span class='ocr_line' id='line_1_25' title="bbox 162 2408 1174 2494; baseline 0.002 -22"><span class='ocrx_word' id='word_1_185' title='bbox 162 2428 242 2473; x_wconf 89' lang='lat' dir='ltr'><strong>onus</strong></span> <span class='ocrx_word' id='word_1_186' title='bbox 265 2410 451 2494; x_wconf 91' lang='lat' dir='ltr'><strong>nequissent</strong></span> <span class='ocrx_word' id='word_1_187' title='bbox 474 2413 531 2474; x_wconf 81' lang='lat' dir='ltr'><strong>aut</strong></span> <span class='ocrx_word' id='word_1_188' title='bbox 554 2431 627 2474; x_wconf 91' lang='lat' dir='ltr'><strong>cum</strong></span> <span class='ocrx_word' id='word_1_189' title='bbox 648 2408 866 2494; x_wconf 82' lang='lat' dir='ltr'><strong>coniterentur</strong></span> <span class='ocrx_word' id='word_1_190' title='bbox 884 2409 994 2492; x_wconf 79' lang='lat' dir='ltr'><strong>lapsae</strong></span> <span class='ocrx_word' id='word_1_191' title='bbox 1013 2409 1174 2474; x_wconf 87' lang='lat' dir='ltr'><strong>concidis-</strong></span> 
     </span>
     <span class='ocr_line' id='line_1_26' title="bbox 162 2497 1172 2582; baseline 0.002 -21"><span class='ocrx_word' id='word_1_192' title='bbox 162 2502 235 2562; x_wconf 86' lang='lat' dir='ltr'><strong>sent</strong></span> <span class='ocrx_word' id='word_1_193' title='bbox 263 2502 295 2562; x_wconf 90' lang='lat' dir='ltr'><strong>et</strong></span> <span class='ocrx_word' id='word_1_194' title='bbox 321 2499 393 2564; x_wconf 92' lang='lat' dir='ltr'><strong>ideo</strong></span> <span class='ocrx_word' id='word_1_195' title='bbox 419 2499 579 2581; x_wconf 89' lang='lat' dir='ltr'><strong>plostrum</strong></span> <span class='ocrx_word' id='word_1_196' title='bbox 608 2500 723 2564; x_wconf 90' lang='lat' dir='ltr'><strong>cessim</strong></span> <span class='ocrx_word' id='word_1_197' title='bbox 752 2497 890 2563; x_wconf 86' lang='lat' dir='ltr'><strong>redisset</strong></span> <span class='ocrx_word' id='word_1_198' title='bbox 917 2501 1015 2582; x_wconf 84' lang='lat' dir='ltr'><strong>atque</strong></span> <span class='ocrx_word' id='word_1_199' title='bbox 1042 2497 1077 2561; x_wconf 93' lang='lat' dir='ltr'><strong>hi</strong></span> <span class='ocrx_word' id='word_1_200' title='bbox 1106 2520 1172 2582; x_wconf 91' lang='lat' dir='ltr'><strong>quo</strong></span> 
     </span>
     <span class='ocr_line' id='line_1_27' title="bbox 161 2587 1173 2672; baseline 0.002 -22"><span class='ocrx_word' id='word_1_201' title='bbox 161 2608 352 2664; x_wconf 85' lang='lat' dir='ltr'><strong>conversum</strong></span> <span class='ocrx_word' id='word_1_202' title='bbox 383 2587 499 2653; x_wconf 87' lang='lat' dir='ltr'><strong>fuisset</strong></span> <span class='ocrx_word' id='word_1_203' title='bbox 531 2609 610 2652; x_wconf 89' lang='lat' dir='ltr'><strong>onus</strong></span> <span class='ocrx_word' id='word_1_204' title='bbox 645 2589 801 2654; x_wconf 84' lang='lat' dir='ltr'><strong>sustinere</strong></span> <span class='ocrx_word' id='word_1_205' title='bbox 833 2587 1035 2671; x_wconf 90' lang='lat' dir='ltr'><strong>nequissent,</strong></span> <span class='ocrx_word' id='word_1_206' title='bbox 1066 2608 1173 2672; x_wconf 91' lang='lat' dir='ltr'><strong>neque</strong></span> 
     </span>
     <span class='ocr_line' id='line_1_28' title="bbox 161 2674 1174 2761; baseline 0.001 -21"><span class='ocrx_word' id='word_1_207' title='bbox 161 2697 234 2740; x_wconf 88' lang='lat' dir='ltr'><strong>oum</strong></span> <span class='ocrx_word' id='word_1_208' title='bbox 271 2677 402 2742; x_wconf 92' lang='lat' dir='ltr'><strong>domino</strong></span> <span class='ocrx_word' id='word_1_209' title='bbox 439 2678 599 2741; x_wconf 87' lang='lat' dir='ltr'><strong>mularum</strong></span> <span class='ocrx_word' id='word_1_210' title='bbox 636 2698 739 2761; x_wconf 90' lang='lat' dir='ltr'><strong>neque</strong></span> <span class='ocrx_word' id='word_1_211' title='bbox 776 2698 863 2744; x_wconf 60' lang='lat' dir='ltr'><strong>cum.</strong></span> <span class='ocrx_word' id='word_1_212' title='bbox 880 2674 1066 2740; x_wconf 87' lang='lat' dir='ltr'><strong>hominibus</strong></span> <span class='ocrx_word' id='word_1_213' title='bbox 1101 2697 1174 2741; x_wconf 88' lang='lat' dir='ltr'><strong>esse</strong></span> 
     </span>
     <span class='ocr_line' id='line_1_29' title="bbox 155 2761 1176 2856; baseline 0.002 -28"><span class='ocrx_word' id='word_1_214' title='bbox 155 2764 332 2856; x_wconf 67' lang='lat' dir='ltr'><strong>actionem.</strong></span> <span class='ocrx_word' id='word_1_215' title='bbox 383 2766 463 2830; x_wconf 90' lang='lat' dir='ltr'><strong>illud</strong></span> <span class='ocrx_word' id='word_1_216' title='bbox 494 2765 622 2850; x_wconf 89' lang='lat' dir='ltr'><strong>quidem</strong></span> <span class='ocrx_word' id='word_1_217' title='bbox 656 2769 777 2830; x_wconf 83' lang='lat' dir='ltr'><strong>certum</strong></span> <span class='ocrx_word' id='word_1_218' title='bbox 804 2761 890 2846; x_wconf 75' lang='lat' dir='ltr'><strong>eese²‚</strong></span> <span class='ocrx_word' id='word_1_219' title='bbox 918 2785 1047 2848; x_wconf 92' lang='lat' dir='ltr'><strong>quoquo</strong></span> <span class='ocrx_word' id='word_1_220' title='bbox 1075 2766 1176 2830; x_wconf 89' lang='lat' dir='ltr'><strong>modo</strong></span> 
     </span>
     <span class='ocr_line' id='line_1_30' title="bbox 161 2853 1175 2938; baseline 0.002 -22"><span class='ocrx_word' id='word_1_221' title='bbox 161 2873 213 2916; x_wconf 89' lang='lat' dir='ltr'><strong>res</strong></span> <span class='ocrx_word' id='word_1_222' title='bbox 237 2875 271 2918; x_wconf 87' lang='lat' dir='ltr'><strong>se</strong></span> <span class='ocrx_word' id='word_1_223' title='bbox 289 2853 433 2936; x_wconf 87' lang='lat' dir='ltr'><strong>haberet,</strong></span> <span class='ocrx_word' id='word_1_224' title='bbox 456 2874 528 2918; x_wconf 91' lang='lat' dir='ltr'><strong>oum</strong></span> <span class='ocrx_word' id='word_1_225' title='bbox 552 2853 682 2918; x_wconf 92' lang='lat' dir='ltr'><strong>domino</strong></span> <span class='ocrx_word' id='word_1_226' title='bbox 701 2855 918 2938; x_wconf 88' lang='lat' dir='ltr'><strong>posteriorum</strong></span> <span class='ocrx_word' id='word_1_227' title='bbox 937 2853 1099 2918; x_wconf 91' lang='lat' dir='ltr'><strong>mularum</strong></span> <span class='ocrx_word' id='word_1_228' title='bbox 1118 2855 1175 2938; x_wconf 81' lang='lat' dir='ltr'><strong>agi</strong></span> 
     </span>
     <span class='ocr_line' id='line_1_31' title="bbox 159 2929 1174 3026; baseline 0.005 -23"><span class='ocrx_word' id='word_1_229' title='bbox 159 2961 226 3004; x_wconf 92' lang='lat' dir='ltr'><strong>non</strong></span> <span class='ocrx_word' id='word_1_230' title='bbox 253 2963 360 3024; x_wconf 90' lang='lat' dir='ltr'><strong>posse,</strong></span> <span class='ocrx_word' id='word_1_231' title='bbox 389 2943 543 3026; x_wconf 86' lang='lat' dir='ltr'><strong>quoniam</strong></span> <span class='ocrx_word' id='word_1_232' title='bbox 571 2963 637 3006; x_wconf 92' lang='lat' dir='ltr'><strong>non</strong></span> <span class='ocrx_word' id='word_1_233' title='bbox 665 2965 723 3007; x_wconf 88' lang='lat' dir='ltr'><strong>sua</strong></span> <span class='ocrx_word' id='word_1_234' title='bbox 755 2946 882 3025; x_wconf 89' lang='lat' dir='ltr'><strong>sponte,</strong></span> <span class='ocrx_word' id='word_1_235' title='bbox 915 2929 970 3006; x_wconf 92' lang='lat' dir='ltr'><strong>sed</strong></span> <span class='ocrx_word' id='word_1_236' title='bbox 1000 2963 1174 3026; x_wconf 85' lang='lat' dir='ltr'><strong>percussae</strong></span> 
     </span>
     <span class='ocr_line' id='line_1_32' title="bbox 160 3028 1110 3094; baseline 0.007 -3"><span class='ocrx_word' id='word_1_237' title='bbox 160 3031 247 3093; x_wconf 87' lang='lat' dir='ltr'><strong>retro</strong></span> <span class='ocrx_word' id='word_1_238' title='bbox 271 3028 438 3094; x_wconf 87' lang='lat' dir='ltr'><strong>redissent.</strong></span> <span class='ocrx_word' id='word_1_239' title='bbox 628 3043 630 3048; x_wconf 85' lang='lat'>&#39;</span> <span class='ocrx_word' id='word_1_240' title='bbox 1107 3039 1110 3046; x_wconf 73' lang='grc'>“</span> 
     </span>
    </p>
   </div>
   <div class='ocr_carea' id='block_1_9' title="bbox 159 3134 1191 3392">
    <p class='ocr_par' dir='ltr' id='par_1_9' title="bbox 159 3134 1191 3392">
     <span class='ocr_line' id='line_1_33' title="bbox 251 3134 1175 3222; baseline 0.006 -24"><span class='ocrx_word' id='word_1_241' title='bbox 251 3134 323 3199; x_wconf 84' lang='grc'><strong>106.</strong></span> <span class='ocrx_word' id='word_1_242' title='bbox 354 3134 435 3199; x_wconf 90' lang='lat' dir='ltr'><strong>Ibid.</strong></span> <span class='ocrx_word' id='word_1_243' title='bbox 459 3137 516 3216; x_wconf 25' lang='lat'><strong>§¹1</strong></span> <span class='ocrx_word' id='word_1_244' title='bbox 547 3134 596 3218; x_wconf 89' lang='lat' dir='ltr'><strong>(P.</strong></span> <span class='ocrx_word' id='word_1_245' title='bbox 613 3137 641 3218; x_wconf 80' lang='lat'><strong>7,</strong></span> <span class='ocrx_word' id='word_1_246' title='bbox 658 3135 700 3222; x_wconf 91' lang='lat'><strong>1).</strong></span> <span class='ocrx_word' id='word_1_247' title='bbox 747 3135 964 3200; x_wconf 87' lang='lat' dir='ltr'><strong>Tabernarius</strong></span> <span class='ocrx_word' id='word_1_248' title='bbox 993 3137 1026 3200; x_wconf 89' lang='lat' dir='ltr'><strong>iu</strong></span> <span class='ocrx_word' id='word_1_249' title='bbox 1055 3139 1175 3204; x_wconf 85' lang='lat' dir='ltr'><strong>semita</strong></span> 
     </span>
     <span class='ocr_line' id='line_1_34' title="bbox 160 3224 1174 3310; baseline 0.003 -21"><span class='ocrx_word' id='word_1_250' title='bbox 160 3226 257 3290; x_wconf 89' lang='lat' dir='ltr'><strong>noctu</strong></span> <span class='ocrx_word' id='word_1_251' title='bbox 281 3246 378 3308; x_wconf 89' lang='lat' dir='ltr'><strong>supra</strong></span> <span class='ocrx_word' id='word_1_252' title='bbox 398 3224 539 3308; x_wconf 86' lang='lat' dir='ltr'><strong>lapidem</strong></span> <span class='ocrx_word' id='word_1_253' title='bbox 558 3225 723 3290; x_wconf 84' lang='lat' dir='ltr'><strong>lucernam</strong></span> <span class='ocrx_word' id='word_1_254' title='bbox 741 3228 907 3308; x_wconf 85' lang='lat' dir='ltr'><strong>posuerat:</strong></span> <span class='ocrx_word' id='word_1_255' title='bbox 930 3224 1061 3308; x_wconf 85' lang='lat' dir='ltr'><strong>quidam</strong></span> <span class='ocrx_word' id='word_1_256' title='bbox 1080 3249 1174 3310; x_wconf 90' lang='lat' dir='ltr'><strong>prae-</strong></span> 
     </span>
     <span class='ocr_line' id='line_1_35' title="bbox 159 3313 1191 3392; baseline 0.006 -17"><span class='ocrx_word' id='word_1_257' title='bbox 159 3313 279 3378; x_wconf 86' lang='lat' dir='ltr'><strong>teriens</strong></span> <span class='ocrx_word' id='word_1_258' title='bbox 312 3336 383 3379; x_wconf 87' lang='lat' dir='ltr'><strong>eam</strong></span> <span class='ocrx_word' id='word_1_259' title='bbox 416 3315 605 3382; x_wconf 88' lang='lat' dir='ltr'><strong>sustulerat:</strong></span> <span class='ocrx_word' id='word_1_260' title='bbox 638 3315 840 3379; x_wconf 83' lang='lat' dir='ltr'><strong>tabernarius</strong></span> <span class='ocrx_word' id='word_1_261' title='bbox 874 3335 946 3378; x_wconf 92' lang='lat' dir='ltr'><strong>eum</strong></span> <span class='ocrx_word' id='word_1_262' title='bbox 980 3321 1191 3392; x_wconf 76' lang='lat' dir='ltr'><strong>consecutus¹</strong></span> 
     </span>
    </p>
   </div>
   <div class='ocr_carea' id='block_1_10' title="bbox 156 3505 1177 3648">
    <p class='ocr_par' dir='ltr' id='par_1_10' title="bbox 156 3505 1177 3648">
     <span class='ocr_line' id='line_1_36' title="bbox 250 3505 1177 3565; baseline 0.005 -7"><span class='ocrx_word' id='word_1_263' title='bbox 250 3513 263 3558; x_wconf 93' lang='lat'>1</span> <span class='ocrx_word' id='word_1_264' title='bbox 280 3505 358 3562; x_wconf 85' lang='lat' dir='ltr'><strong>Flor.</strong></span> <span class='ocrx_word' id='word_1_265' title='bbox 374 3507 509 3564; x_wconf 82' lang='lat' dir='ltr'><strong>ducerent</strong></span> <span class='ocrx_word' id='word_1_266' title='bbox 522 3509 602 3564; x_wconf 91' lang='lat' dir='ltr'><strong>inter.</strong></span> <span class='ocrx_word' id='word_1_267' title='bbox 635 3509 743 3565; x_wconf 67' lang='lat' dir='ltr'><strong>Inclusa</strong></span> <span class='ocrx_word' id='word_1_268' title='bbox 757 3508 839 3564; x_wconf 82' lang='lat' dir='ltr'><strong>cerba</strong></span> <span class='ocrx_word' id='word_1_269' title='bbox 853 3523 871 3560; x_wconf 87' lang='grc' dir='ltr'>α</span> <span class='ocrx_word' id='word_1_270' title='bbox 888 3505 1058 3560; x_wconf 79' lang='lat' dir='ltr'><strong>Tritoniano</strong></span> <span class='ocrx_word' id='word_1_271' title='bbox 1073 3507 1177 3563; x_wconf 76' lang='lat' dir='ltr'><strong>addita</strong></span> 
     </span>
     <span class='ocr_line' id='line_1_37' title="bbox 156 3574 746 3648; baseline 0.019 -22"><span class='ocrx_word' id='word_1_272' title='bbox 156 3574 286 3631; x_wconf 79' lang='lat' dir='ltr'><strong>videntur</strong></span> <span class='ocrx_word' id='word_1_273' title='bbox 305 3577 453 3648; x_wconf 81' lang='lat' dir='ltr'><strong>(Peraice).</strong></span> <span class='ocrx_word' id='word_1_274' title='bbox 526 3586 541 3633; x_wconf 78' lang='lat'>2</span> <span class='ocrx_word' id='word_1_275' title='bbox 564 3580 643 3636; x_wconf 80' lang='lat' dir='ltr'><strong>Flor.</strong></span> <span class='ocrx_word' id='word_1_276' title='bbox 663 3583 746 3637; x_wconf 83' lang='lat' dir='ltr'><strong>certe,</strong></span> 
     </span>
    </p>
   </div>
   <div class='ocr_carea' id='block_1_11' title="bbox 0 0 1304 3910">
    <p class='ocr_par' dir='ltr' id='par_1_11' title="bbox 0 0 1304 3910">
     <span class='ocr_line' id='line_1_38' title="bbox 0 0 1304 3910; baseline 0 0"><span class='ocrx_word' id='word_1_277' title='bbox 0 0 1304 3910; x_wconf 95' lang='lat' dir='ltr'><strong> </strong></span> 
     </span>
    </p>
   </div>
  </div>
 </body>
</html>
