2600 3908
159 199 202 263 90
237 199 284 254 IV.
304 194 674 252 surrlmrscuo.1usls
695 195 865 252 consum.
881 195 1005 252 snmus
1020 195 1169 252 ALTERA

566 399 674 459 Liber
697 399 760 459 ΧΓ.)

362 517 408 575 De
427 517 658 590 possessionibus
681 521 708 574 ot
728 519 963 590 usucapionibus.

246 633 291 692 De
305 631 529 708 possessionum
542 631 704 708 generibus
713 631 846 690 Mucium
857 630 1011 708 scripsisse
1020 629 1169 690 traditum

159 726 213 783 est.
258 741 404 798 quaenam
428 739 539 798 genera
562 720 714 794 statuerit,
736 719 895 781 nescimus.
920 719 1075 780 adiunxit
1097 737 1168 778 usu·

159 812 321 888 capionem,
345 829 435 887 quam
454 828 514 868 non
533 809 619 868 modo
639 809 670 867 in
689 809 816 886 singulis
834 810 933 880 rebus,
957 809 1009 868 sed
1027 809 1118 868 etiam
1137 808 1169 866 in

159 900 334 976 hereditate,
355 901 386 958 et
403 917 464 957 non
483 898 580 956 solum
599 897 630 956 in
649 897 747 975 rebus,
766 898 818 957 sed
837 898 929 956 stiam
948 897 979 956 in
997 896 1169 956 hominibus

158 991 256 1048 locum
270 989 410 1047 habuisse
425 989 551 1045 constet.
581 986 617 1046 de
632 987 769 1046 mulieris
784 987 966 1062 usucapione
981 978 1062 1064 (Gai.
1072 986 1097 1062 I,
1107 979 1168 1066 III)

156 1078 272 1136 Mucius
297 1077 355 1134 aiio
379 1076 444 1135 loco
467 1075 586 1135 videtur
609 1075 771 1152 scripsisse.
817 1076 852 1134 cf.
873 1093 964 1152 supra
985 1095 1013 1151 p.
1035 1077 1085 1135 81.

132 1213 135 1219 ¹
249 1189 275 1252 1.
305 1186 343 1250 D.
361 1187 419 1266 41,
439 1186 474 1269 2,
492 1185 528 1267 3,
547 1187 590 1251 23
618 1185 737 1266 Paulus
765 1185 849 1250 libro
877 1185 1167 1270 quinquagensimo

159 1279 274 1362 quarto
295 1275 335 1339 ad
354 1273 493 1339 edictum
512 1273 561 1358 (P.
575 1271 656 1360 659)
675 1323 728 1340 ...
747 1273 924 1351 11111111
943 1275 1028 1338 inter
1047 1293 1168 1357 genem

158 1364 398 1448 possessionum
423 1364 545 1447 posuit,
570 1362 598 1428 si
621 1363 749 1447 quando
772 1365 863 1428 iussu
885 1363 1096 1448 magistratus
1121 1361 1169 1424 rei

126 1453 334 1524 cservandae
358 1474 455 1516 causa
477 1451 678 1534 possidemus

245 1555 293 1614 Ad
317 1573 380 1614 rem
403 1555 441 1615 cf.
460 1554 581 1615 Pernice
600 1549 704 1614 Labeo
727 1555 743 1614 Ι
764 1556 840 1631 2003
863 1554 1025 1614 1119211.

247 1655 289 1722 2?
322 1655 361 1720 D.
383 1657 436 1741 41,
455 1657 485 1738 2,
504 1656 556 1731 25,
575 1657 605 1720 2.
650 1655 850 1738 Pomponius
878 1655 962 1719 libro
991 1654 1167 1719 vicensimo

156 1749 252 1812 tertio
273 1746 312 1810 ad
332 1745 368 1820 Q.
382 1745 525 1810 Mucium
540 1741 590 1831 (P.
605 1741 695 1830 286).
730 1744 823 1820 Quod
842 1747 949 1808 autem
969 1744 1038 1808 solo
1058 1743 1168 1807 animo

158 1836 371 1921 possidemus,
393 1835 568 1918 quaeritur,
590 1837 737 1898 utrumve
758 1854 859 1916 usque
879 1854 916 1897 eo
936 1832 1167 1916 possideamus,

159 1926 258 1990 donec
282 1925 365 1988 alius
389 1943 523 2006 corpore
546 1923 713 2006 ingressus
738 1922 794 2004 sit,
821 1925 859 1986 ut
881 1921 989 2004 potior
1013 1921 1057 1984 sit
1079 1920 1168 1984 iilius

159 2013 336 2096 corporalis
360 2011 536 2095 possessio,
560 2031 602 2074 an
625 2032 715 2088 ver0,
739 2010 823 2094 quod
848 2010 940 2095 quasi
963 2011 1069 2094 magis
1092 2031 1168 2092 pro-

160 2103 268 2184 batur,
295 2121 395 2182 usque
424 2120 461 2162 eo
490 2099 727 2182 possideamus,
755 2099 855 2164 donec
882 2103 1079 2162 revertentes
1107 2121 1167 2163 nos

59 2223 60 2226 ¹
160 2190 276 2273 aliquis
295 2188 433 2272 repellat
451 2193 507 2252 aut
525 2209 584 2251 nos
603 2187 650 2251 its
669 2188 776 2252 animo
796 2187 979 2252 desinamus
994 2187 1168 2270 possidere,

158 2279 244 2362 quod
263 2277 463 2361 suspicemus
481 2277 592 2360 repelli
611 2298 670 2341 nos
689 2299 784 2362 posse
804 2278 844 2342 ab
865 2298 912 2362 1ο,
931 2276 987 2360 qui
1001 2277 1170 2361 ingressus

156 2369 200 2432 sit
222 2367 256 2431 in
279 2366 527 2450 possessionem.

238 2475 304 2538 'Pro
323 2472 422 2554 ‘quasi
439 2470 548 2556 magis'
566 2496 626 2538 van
644 2477 681 2537 da
695 2477 801 2536 Watsr
814 2477 962 2556 sagaciter
977 2477 1166 2536 scribendum

157 2587 221 2629 asse
245 2567 355 2628 conicit
378 2561 499 2636 ‘Quinto
521 2560 632 2626 Mucio'
655 2567 759 2626 multis
783 2567 1024 2642 assentientibus,
1046 2566 1078 2624 in
1101 2567 1167 2642 qui·

155 2659 211 2718 bus
230 2657 321 2716 etism
340 2655 463 2716 Pernioe
482 2659 514 2715 et
531 2656 632 2716 Lenel.
675 2657 727 2715 sed
745 2655 996 2715 doctrinaMuoio
1016 2655 1167 2730 adscripta

157 2748 221 2806 sius
247 2747 297 2807 vix
324 2747 425 2823 potest
452 2763 530 2824 esse,
557 2745 602 2804 ita
628 2747 664 2803 ut
690 2746 783 2804 verba
809 2739 908 2821 ‘quasi
932 2737 1040 2820 magis’
1064 2744 1165 2820 potius

156 2836 244 2894 aliter
276 2833 418 2910 explicari
445 2833 580 2893 debeant.
630 2833 828 2910 Pomponium
856 2834 898 2892 sic
925 2853 985 2892 non
1012 2833 1165 2910 scripsisse

157 2927 272 2984 certum
293 2922 402 2999 iudico,
426 2925 459 2981 at
481 2923 556 2981 bene
580 2921 709 2980 scribere
732 2922 845 2998 potuit:
869 2917 961 2997 ‘quod
984 2923 1079 2998 magis
1098 2942 1166 2998 pro·

155 3005 266 3090 batur',
294 3011 338 3070 ita
364 3013 399 3070 ut
422 3011 597 3069 Triboniani
624 3029 730 3069 manus
758 3010 849 3069 etiam
876 3011 908 3069 in
929 3011 986 3070 hoo
1008 3011 1165 3086 Pomponii

155 3101 325 3178 fragmento
344 3103 533 3176 agnoscatur.
570 3099 737 3158 Riccobono
756 3099 835 3159 Bull.
850 3099 919 3159 dell.
933 3098 986 3159 Ist.
1002 3102 1031 3176 6,
1046 3102 1108 3160 229
1121 3118 1164 3177 sq.

156 3183 287 3267 ‘quidem
309 3182 416 3264 mugis'
439 3189 521 3266 legit.

245 3291 285 3356 3?
308 3289 378 3354 sai.
394 3287 452 3372 ΙΙΙ,
466 3290 540 3354 200.
560 3325 597 3334 -
616 3288 777 3352 interdum
796 3289 918 3354 alienas
937 3311 988 3354 res
1008 3311 1169 3374 oocuparc

155 3384 187 3446 et
213 3400 388 3463 usucapere
416 3399 603 3442 concessum
628 3382 758 3443 estnec
781 3379 920 3442 creditur
943 3379 1064 3443 furtum
1086 3379 1164 3460 fieri,

154 3469 255 3535 veluti
282 3490 333 3533 res
361 3467 572 3532 hereditarias
602 3489 737 3552 quarum
764 3467 858 3532 heres
887 3489 952 3532 non
977 3471 1028 3532 est
1049 3473 1163 3532 nactus

153 3559 399 3642 possessionem,
421 3557 486 3621 nisi
509 3557 705 3621 necessarius
729 3557 821 3620 heros
846 3560 941 3645 extet.
