2588 3908
359 177 383 226 8.
412 172 568 228 SERVIUS
588 173 771 230 SULPICIUS
790 171 908 229 RUFUS
1075 173 1141 238 233

122 341 257 402 rubricis
280 342 443 400 secundum
462 341 579 400 Lenelii
596 341 799 401 recensionem
816 342 848 400 in
866 341 989 401 Brunsii
1007 343 1141 404 fontibus

125 431 231 491 datam
255 430 435 506 praemissis.

217 518 295 579 Cum
325 519 542 597 fragmentum,
576 519 656 597 quod
682 518 830 595 Ulpianus
860 519 950 594 primi
978 519 1049 578 libri
1076 538 1140 580 essa

122 609 228 687 refert,
252 609 283 668 in
302 608 413 673 Iuliani
433 608 524 668 edicti
542 608 645 668 ordine
663 626 723 666 non
741 607 856 686 primis,
875 608 926 667 sed
945 608 1140 669 ulterioribus

123 697 249 756 demum
282 697 430 774 capitibus
463 697 692 757 adscribendum
722 697 775 774 sit,
808 715 844 756 ea
870 716 946 774 quae
976 697 1139 756 secundum

121 787 213 846 illum
237 786 370 845 ordinem
389 787 578 861 antecedunt,
602 787 693 846 stiam
712 787 782 846 hnic
801 786 866 846 loco
885 787 1033 861 praemisi.
1071 806 1139 846 oum

121 894 196 935 vero
229 875 353 934 secundi
384 875 455 934 libri
488 875 644 935 exordium
674 875 790 934 deliniri
817 880 960 953 nequeat,
992 876 1139 935 librorum

119 983 282 1023 numerum
306 963 463 1042 designare
487 965 649 1041 supersedi.

119 1142 193 1214 [IX
213 1142 258 1197 Dc
271 1143 448 1214 ictericorum
458 1144 685 1198 restitutionibus.
717 1149 745 1200 2.
764 1159 833 1213 0000
847 1143 908 1197 dolo
917 1143 988 1197 molo
998 1143 1073 1209 facta
1083 1159 1137 1198 csse

163 1224 298 1278 dicentur.
335 1224 371 1290 cf.
392 1223 512 1278 XLIII
529 1223 713 1293 Exceptiooes
744 1229 770 1279 9.
790 1224 911 1292 exceptio
929 1223 986 1277 doli
1004 1223 1092 1296 10011]

211 1333 239 1396 1.
276 1329 316 1396 D.
339 1333 375 1410 4,
394 1333 429 1415 3,
450 1331 484 1415 1,
502 1334 533 1398 2.
582 1331 744 1418 Ulpianus
776 1332 860 1396 libro
892 1332 1062 1398 undecimo
1095 1332 1136 1397 ad

119 1419 261 1484 edictum
286 1418 336 1504 (P.
355 1421 444 1506 384).
494 1420 614 1487 Dolum
644 1422 766 1486 malum
794 1419 924 1486 Servius
951 1469 979 1487 ..
1007 1423 1055 1486 ita
1083 1422 1135 1485 de-

118 1509 219 1573 finiit:
233 1508 507 1574 machinationem
522 1509 685 1595 quandam
695 1509 830 1574 alterius
842 1509 1020 1593 decipiendi
1030 1532 1137 1596 causa,

118 1619 192 1662 cum
216 1597 299 1662 illud
322 1598 494 1663 simulatur
516 1606 550 1664 et
573 1598 659 1663 aliud
684 1599 800 1683 agitur.

333 1781 405 1854 [IX,
423 1788 449 1838 6.
478 1783 513 1839 Si
530 1783 610 1838 00100
627 1783 695 1852 quid
712 1783 746 1838 ce
764 1783 842 1838 bouis
860 1783 920 1853 ret]

208 1893 238 1958 2.
271 1891 311 1956 D.
330 1892 360 1975 4,
375 1893 404 1974 6,
423 1893 476 1977 26,
490 1893 521 1958 4.
570 1891 733 1977 Ulpianus
765 1891 849 1956 libro
877 1891 1063 1957 duodecimo
1093 1893 1133 1957 ad

117 1980 262 2046 edictum
291 1978 340 2068 (P.
363 1979 454 2065 439).
508 1983 555 2046 ait
577 1987 721 2065 praetor:
755 1980 838 2044 ‘sive
869 1982 920 2045 cui
947 2003 1005 2066 per
1032 1983 1133 2066 magi-

119 2073 243 2134 stratus
267 2070 338 2135 sine
362 2070 437 2134 dolo
456 2071 541 2135 malo
565 2071 666 2154 ipsius
687 2070 772 2135 00110
792 2075 941 2154 exempta
960 2093 1030 2134 csse
1049 2071 1131 2136 dice·

115 2157 182 2222 tur'
266 2180 325 2243 per
344 2158 555 2244 magistratus
576 2163 684 2224 autem
703 2159 827 2223 factum
845 2158 892 2223 ita
912 2158 1132 2245 accipiendum

116 2250 182 2331 cst,
206 2247 307 2311 eiius
330 2269 396 2312 non
420 2247 519 2332 dixit,
543 2248 687 2333 alioquin
711 2247 739 2312 si
762 2269 859 2313 causa
882 2249 1013 2333 cognita
1036 2249 1132 2313 dene·

116 2335 209 2420 gavit
231 2337 402 2421 actionem,
424 2337 587 2402 restitutio
608 2340 723 2416 cessat,
747 2343 779 2401 01
797 2337 844 2400 ita
862 2333 973 2402 Servio
997 2338 1132 2402 videtur.

155 2518 223 2591 [XI
226 2519 264 2589 V.
279 2519 324 2574 Dc
341 2521 384 2576 bis
402 2495 472 2590 quac
490 2522 670 2590 cuiusquam
689 2522 768 2574 bonis
785 2525 858 2574 0001.
889 2525 917 2576 2.
937 2522 969 2574 010
987 2521 1030 2574 bis
1047 2523 1096 2590 qai

427 2601 573 2656 deieceriat
590 2602 631 2656 001
649 2600 816 2670 effuderint]

205 2709 235 2774 3.
257 2708 298 2775 D.
312 2710 342 2795 9,
356 2711 387 2794 3,
401 2711 431 2792 b,
449 2712 499 2775 12.
545 2709 703 2794 Ulpianus
727 2709 810 2774 libro
834 2708 1008 2774 vicensimo
1032 2711 1130 2774 tertio

114 2797 156 2861 ad
180 2797 320 2863 edictum
345 2798 393 2882 (P.
416 2797 505 2886 694).
556 2847 585 2863 ..
614 2821 688 2863 oum
718 2799 823 2882 pictor
850 2797 884 2862 in
911 2798 1047 2883 pergula
1074 2799 1130 2863 cli·

112 2907 211 2969 psum
226 2888 277 2952 vel
294 2887 441 2952 tabulam
458 2887 639 2972 expositam
653 2887 824 2967 habuisset
843 2907 942 2972 eaque
958 2886 1131 2953 excidisset

113 2977 147 3038 01
170 2976 353 3041 transeunti
376 2977 487 3042 damni
515 2977 590 3062 quid
618 2976 772 3060 dedisset,
803 2974 932 3041 Servius
960 2977 1128 3060 respondit

113 3063 154 3127 ad
183 3065 365 3148 exemplum
394 3065 491 3131 huius
520 3066 656 3131 actionis
684 3065 754 3130 dari
782 3069 929 3150 oportere
958 3066 1129 3150 actionem,

111 3151 196 3217 banc
221 3153 306 3218 enim
331 3175 394 3220 non
420 3159 602 3240 competere
625 3154 734 3239 palam
758 3157 852 3237 esse[,
876 3154 952 3239 quia
971 3177 1074 3238 neque
1093 3155 1128 3218 in

113 3241 304 3327 suggrunda
326 3265 430 3328 neque
454 3243 489 3307 in
511 3248 658 3328 protecto
681 3244 794 3308 tabula
816 3243 922 3307 fuerat
944 3244 1077 3328 posita}

201 3361 252 3420 An
271 3361 394 3424 Servius
413 3381 588 3440 responsum
606 3365 638 3424 in
651 3366 745 3425 libros
764 3364 802 3424 ad
821 3363 952 3423 edictum
971 3362 1127 3438 receperit,

112 3449 286 3598 111ᾑ1ι1100110
314 3456 462 3530 remanet,
496 3453 548 3513 sed
581 3453 612 3512 id
646 3455 702 3514 hoc
728 3454 795 3513 loco
823 3455 958 3528 repetere
986 3451 1129 3510 idoneum

112 3558 155 3614 pu
188 3559 228 3600 111.
