2614 3914
194 185 259 250 336
285 186 358 242 VIII.
374 187 508 242 OCTAVI
523 186 729 242 sesumam
744 153 917 243 CONSULT.
928 186 1052 242 semiss
1067 185 1203 240 TERTIA

193 358 327 415 mentum
351 359 471 414 acetum
492 355 582 414 mella
606 356 787 414 salsamenta
811 350 862 434 (D.
883 359 932 432 73,
953 357 981 432 6,
1001 349 1045 432 7),
1070 356 1205 430 supellex
1237 377 1240 384 ¹

194 439 243 520 (D.
260 447 311 522 33,
328 447 377 522 10,
396 435 450 524 10)
470 443 642 503 4411144444
661 443 814 502 muliebris
834 445 922 503 uxori
940 445 1060 522 legatus
1086 439 1137 523 (D.
1152 447 1204 522 43,

195 535 222 610 2,
244 536 283 594 39
299 529 365 613 pn).

568 621 717 686 Defende
737 623 830 693 leyato.

281 733 311 797 4
335 732 371 796 D
384 731 436 813 35
452 732 480 811 1,
495 731 548 813 40
562 733 592 796 4
625 731 714 795 Idem
734 728 934 817 (Iavolenus)
952 731 1035 795 libro
1060 732 1203 797 seeundo

193 843 232 886 ex
254 824 330 906 post
316 782 488 885 4414414444
512 819 740 906 4444444444).
759 815 844 937 186).
887 819 948 895 Qui
971 821 1111 885 dotalem
1131 821 1203 884 nul·

192 911 259 974 lum
291 909 494 993 44444441,
484 909 531 972 14
563 910 741 994 legaverat:
779 907 931 973 fundum
964 906 1205 994 Cornelianum,

144 1065 146 1070 ,
192 1021 287 1079 quem
319 998 376 1062 illa
408 959 487 1062 mihi
519 997 588 1062 doti
621 998 722 1080 dedit,
755 997 783 1062 ei
817 997 910 1062 heres
942 995 1040 1064 dato'.
1092 997 1204 1062 Labeo

193 1085 306 1152 Ofilius
337 1086 508 1150 Trebatius
536 1049 770 1169 responderdnt
757 1086 933 1150 tfundum
961 1047 1065 1151 nihilo
1094 1087 1204 1152 11141144

191 1177 280 1329 legtat
279 1198 336 1239 414
360 1196 439 1256 4444,
464 1175 547 1264 quia,
571 1197 643 1240 eum
667 1175 785 1240 fundus
805 1173 1047 1240 Cornelianus
1037 1198 1071 1240 1n
1094 1197 1203 1240 rerum

192 1287 234 1328 114
236 1270 309 1329 4414
336 1265 392 1346 444,
420 1226 620 1328 demonstt
555 1267 620 1328 4414
622 1265 653 1328 44
681 1265 764 1329 44444
791 1265 934 1347 legatum
962 1286 1028 1328 non
1056 1265 1203 1348 peremit

284 1360 311 1417 5.
334 1352 596 1438 D35,11‚40,.1
626 1353 715 1417 Idem
736 1349 935 1506 (4141444444)
955 1353 1038 1419 44414
1060 1354 1202 1419 seeundo

87 1452 88 1456 ’
194 1465 232 1506 411
255 1463 313 1524 pos
316 1403 488 1506 4414414444
510 1404 731 1528 4444444441)
734 1493 739 1505 .
758 1438 845 1528 186).
882 1441 1071 1518 0441441114
1044 1464 1091 1506 14
1113 1443 1202 1526 lega

193 1534 297 1596 verat:
312 1530 352 1595 ‘si
368 1529 501 1594 Publius
517 1529 685 1596 Cornelius
698 1537 887 1613 Impensam,
902 1553 999 1614 quam
1018 1531 1052 1594 in
1067 1531 1202 1596 fundum

195 1617 346 1684 Seianum
377 1619 455 1706 feei,
483 1620 593 1684 heredi
626 1642 698 1684 meo
727 1620 864 1703 dederit,
892 1625 962 1684 tum
989 1619 1082 1684 heres
1111 1642 1202 1684 meus

194 1708 309 1773 Publio
342 1707 491 1774 Cornelio
526 1709 660 1774 fundum
694 1707 844 1773 Seianum
875 1707 972 1772 dato’.
1024 1705 1221 1774 Cascellius

195 1799 303 1862 aiebat
330 1797 427 1863 etiam
455 1798 594 1882 pretium
621 1798 712 1862 fundi
741 1798 809 1862 dari
837 1797 965 1880 debere,
999 1795 1116 1862 Ofilius
1144 1799 1202 1863 im·

183 1909 311 1971 ¹pensae
352 1887 449 1952 verbo
493 1891 593 1973 negat
633 1887 772 1972 pretium
815 1886 1006 1970 significari,
1048 1886 1104 1951 sed
1148 1909 1202 1952 eos

193 1977 360 2041 dumtaxat
387 1979 547 2059 sumptus,
576 1997 656 2059 quos
685 1977 718 2039 iu
743 1997 816 2039 eum
839 1980 1050 2060 posteaquam
1074 1982 1202 2060 emptus
1297 2029 1298 2042 .

193 2071 279 2131 44444
302 2067 386 2130 44444.

471 2168 515 2222 De
532 2168 616 2233 fundi
633 2169 812 2222 iustrumento
831 2169 925 2237 444444.

282 2279 311 2342 6.
339 2276 377 2341 D.
393 2277 567 2361 33,7,25‚
582 2277 611 2341 2.
655 2275 842 2341 Iavolenum
873 2276 958 2340 libro
990 2278 1130 2342 seeundo
1164 2303 1203 2344 ex
1297 2331 1298 2340 ,

193 2366 424 2452 posterioribus
452 2365 611 2431 Labeonis
637 2363 686 2452 (P.
706 2362 793 2451 182).
910 2387 982 2430 eum
1010 2366 1203 2432 instrumen-

192 2460 262 2519 tum
295 2477 388 2520 omne
423 2455 566 2540 legatum
604 2459 691 2521 esset
727 2458 859 2538 excepto
892 2476 1021 2538 pecore,
1053 2460 1202 2539 pastores

193 2545 362 2629 oviliones,
391 2545 490 2610 ovilia
518 2567 644 2629 quoque
673 2546 780 2630 legato
809 2543 967 2608 4411444414
996 2541 1111 2609 Ofilius
1296 2569 1297 2576 ¹

191 2639 293 2718 putat.

413 2729 456 2783 De
474 2729 530 2784 oleo
547 2729 684 2794 frumento
703 2770 708 2781 .
725 2768 730 2780 .
747 2769 753 2782 .
772 2728 855 2780 errori
873 2727 976 2797 4494444.

282 2841 309 2902 4.
342 2837 381 2901 D.
401 2839 457 2921 33,
476 2839 510 2919 6,
531 2839 606 2918 lpr.
660 2836 829 2986 1444144444
867 2836 951 2900 libro
989 2836 1128 2901 seeundo
1163 2860 1202 2902 ex
1296 2879 1297 2886 1

192 2930 267 3008 post
253 2926 425 2990 terioribus
462 2923 624 2988 Labeonis
662 2920 747 3010 44).1
753 2923 818 3010 80).
875 2923 1011 2999 Quidam
1048 2925 1201 2991 heredem

193 3015 402 3079 damnaverat
388 3013 502 3076 tdare
525 3013 617 3077 uxori
640 3033 717 3076 snae
740 3013 850 3076 vinum
874 3015 979 3076 oleum
1002 3012 1202 3080 frumentum

193 3107 319 3168 acetum
347 3103 444 3166 mella
469 3101 676 3166 salsamenta:
704 3100 877 3166 Trebatius
901 3102 1009 3166 444444
1030 3123 1069 3166 ex
1093 3103 1202 3190 singu-

191 3193 232 3258 lis
264 3192 359 3256 rebus
391 3212 457 3256 non
490 3191 635 3281 amplius
661 3189 769 3254 deberi
799 3213 896 3275 quam
924 3194 1080 3274 quantum
1109 3193 1201 3258 heres

192 3281 320 3346 mulieri
348 3281 417 3344 dari
445 3280 601 3345 voluisset
605 3279 798 3364 ‚qnoniam
826 3301 890 3344 non
919 3279 1023 3344 adieot
1009 3283 1078 3344 tum
1107 3286 1202 3365 esset,

192 3375 348 3454 quantum
385 3391 422 3433 ex
460 3391 583 3454 quaque
618 3390 651 3432 re
684 3369 774 3432 daret
761 3373 822 3434 t.ur
877 3366 988 3432 Ofilius
1022 3332 1202 3436 Casoelliud

193 3459 319 3524 Tubero
338 3479 440 3541 omne,
460 3463 614 3542 quantum
634 3461 726 3541 pater
745 3457 884 3522 4411141444
903 3457 1095 3542 reliquisset,
1114 3460 1200 3545 lega-

192 3552 262 3611 tum
284 3551 409 3631 putant.
