2598 3910
173 212 237 276 318
267 213 342 268 VHI.
358 211 490 269 OCTAVI
505 213 603 269 SAEC.
614 213 711 268 IURIS
727 213 902 270 CONSULT.
913 212 1037 268 SERIES
1051 211 1183 268 TERTIA

482 369 609 429 Decede
626 374 757 440 facienda
775 375 872 429 locata.

261 474 313 539 86.
341 475 378 540 D.
400 475 454 559 19,
473 476 507 558 2,
527 475 584 560 30,
602 475 632 538 3.
673 471 763 538 Idem
787 471 953 560 (Alfenus)
976 473 1063 537 libro
1087 474 1182 538 tertio

145 562 381 649 'Digestorum
415 587 433 629 a
460 563 563 629 Paulo
596 563 846 647 epitomatorum
877 562 927 649 (P.
950 561 1006 647 54,
1025 559 1071 648 3).
1122 562 1184 638 Qui

173 652 285 716 aedem
308 651 490 718 faciendam
509 654 681 733 locaverat,
704 652 739 716 in
757 652 829 736 lege
849 652 986 716 dixerat:
1013 650 1132 735 ‘quoad
1150 651 1183 715 in

173 761 254 824 opus
282 741 399 825 lapidis
423 763 503 825 opus
527 741 602 825 erit,
631 762 690 824 pro
713 741 820 824 lapide
845 745 878 804 ct
901 740 1105 824 manupretio
1129 739 1183 805 do-

173 830 279 894 minus
303 831 499 914 redemptori
521 830 556 893 in
572 829 676 915 'pedes
699 829 846 913 singulos
865 830 1015 895 sestertios
1032 827 1184 910 septenos¹

172 917 284 983 dabit'.
331 919 513 1002 quaesitum
543 923 608 1002 est,
634 920 744 982 utrum
767 917 890 982 factum
914 940 994 1002 opus
1021 939 1062 982 an
1086 918 1184 982 etiam

171 1007 384 1091 inperfectum
408 1007 517 1072 metiri
541 1010 716 1090 oporteret.
761 1007 930 1090 respondit
953 1006 1052 1072 etiam
1076 1007 1183 1092 inper-

171 1094 301 1160 fectum.

184 1287 187 1294 ι
261 1191 302 1257 cf.⁴
322 1197 418 1258 Servii
440 1216 584 1274 responsa
608 1200 680 1258 123.

450 1349 494 1404 De
511 1350 643 1405 mercibus
660 1350 786 1404 vehendis
804 1349 908 1404 locatis.

262 1451 314 1515 87.
341 1449 380 1514 Ι).
399 1450 454 1528 19,
473 1451 508 1535 2,
527 1451 556 1514 7.
592 1450 712 1515 Paulus
739 1451 822 1515 libro
845 1449 943 1514 tertio
967 1449 1182 1534 epitomarum
1281 1509 1282 1514 ,

172 1539 284 1604 Alfeni
306 1535 516 1624 Digestorum
540 1537 589 1622 (P.
608 1538 676 1623 55).
722 1537 803 1605 Oum
833 1538 984 1626 depresso
1011 1540 1104 1603 navis
1129 1543 1183 1603 aut

173 1629 295 1692 deiecta
318 1631 412 1712 esset,
436 1629 519 1712 quod
544 1627 677 1713 quisque
698 1649 737 1691 ex
756 1649 794 1692 eo
813 1633 906 1691 suum
926 1631 1097 1706 servasset,
1122 1627 1182 1692 sibi

173 1739 301 1782 servare
323 1719 503 1800 respondit,
526 1720 683 1801 tunquam
706 1738 745 1780 ex
768 1716 925 1782 incendio.

261 1831 299 1890 cf.
323 1829 420 1888 Servii
442 1846 589 1903 responsa
613 1829 686 1889 125.

574 2006 620 2063 De
642 2007 780 2066 societate.
807 2023 808 2027 ’

262 2125 312 2191 88.
340 2124 379 2189 D.
400 2125 455 2205 17,
474 2125 509 2208 2,
530 2125 569 2188 71
587 2145 634 2207 pr.
676 2122 765 2188 Idem
795 2121 946 2210 (Paulus)
974 2123 1059 2188 libro
1085 2123 1183 2189 tertio

173 2214 387 2298 epitomarum
415 2211 525 2276 Alfeni
552 2212 761 2296 Digestorum
786 2209 835 2298 (P.
854 2212 896 2277 51
913 2209 985 2299 pn).
1030 2212 1104 2278 Duo
1134 2235 1183 2278 so·

172 2304 323 2368 dietatem
351 2301 510 2383 coierunt,
538 2303 575 2365 ut
598 2301 843 2386 grammaticam
867 2301 1018 2366 docerent
1042 2305 1075 2366 ot
1098 2301 1184 2386 quod

173 2414 211 2455 ox
245 2412 282 2455 eo
315 2389 452 2456 artificio
486 2395 639 2474 quaestus
671 2391 836 2468 fecissent,
869 2411 1039 2454 commuue
1072 2412 1183 2455 eorum

173 2483 267 2545 esset.
309 2480 347 2545 de
371 2502 409 2544 ea
427 2501 461 2543 re
481 2501 562 2564 quae
580 2479 751 2544 volucrunt
768 2478 838 2544 fieri
856 2479 890 2542 in
908 2483 1004 2562 pacto
1023 2483 1182 2544 convento

173 2569 338 2634 societatis
370 2569 641 2654 proscripserunt,
674 2568 787 2634 deinde
814 2567 899 2631 inter
929 2589 964 2632 se
994 2568 1045 2632 his
1075 2569 1187 2633 verbis

173 2659 323 2742 stipulati
348 2662 436 2723 sunt:
461 2656 568 2742 ‘haec,
590 2679 672 2743 quae
696 2679 794 2742 supra
817 2656 937 2740 scripta
960 2661 1049 2742 sunt,
1075 2679 1114 2722 ea
1137 2657 1185 2721 ita

173 2747 243 2811 dari
275 2748 345 2810 fieri
376 2767 479 2830 neque
512 2746 665 2811 adversus
696 2768 733 2810 ea
761 2745 852 2810 fieri?
903 2746 931 2809 si
960 2767 998 2811 eu
1028 2747 1075 2810 ita
1106 2745 1186 2824 datu¹

171 2834 259 2899 facta
282 2855 349 2898 non
372 2837 479 2918 erunt,
502 2839 570 2898 tum
593 2835 711 2924 viginti
734 2835 824 2898 milia
848 2833 952 2898 dari?
998 2835 1183 2918 quaesitum

173 2928 232 3005 est,
254 2944 305 3005 an,
329 2923 357 2986 si
381 2923 458 3007 quid
477 2924 733 2988 contrafactum
753 2927 848 3004 esset,
872 2923 1035 2988 societatis
1055 2925 1183 2988 actione

173 3011 227 3095 agi
249 3015 370 3095 posset.
406 3010 582 3093 respondit,
606 3013 634 3076 si
655 3011 784 3094 quidem
803 3016 899 3092 pacto
919 3015 1076 3076 convento
1096 3013 1184 3076 inter

172 3121 226 3164 eos
259 3100 297 3164 do
332 3099 486 3164 societate
518 3097 604 3164 facto
633 3099 680 3163 ita
707 3099 854 3182 stipulati
882 3105 990 3165 essent
1018 3099 1108 3165 ‘haec
1136 3101 1183 3164 ita

173 3188 242 3254 dari
264 3188 335 3253 fieri
359 3187 543 3272 spondesi',
570 3187 716 3252 futurum
738 3189 851 3272 fuisse,
874 3192 911 3253 ut
935 3189 976 3269 [si
998 3190 1182 3254 novationis

173 3300 271 3343 causo
293 3277 327 3342 id
349 3278 523 3361 fecissent]
547 3299 606 3362 pro
630 3277 718 3343 socio
742 3277 796 3360 agi
815 3299 880 3342 non
898 3277 1013 3361 possit,
1036 3278 1092 3342 sed
1112 3282 1184 3342 tots

170 3389 223 3431 res
245 3369 280 3432 in
299 3366 545 3452 stipulationem
565 3365 725 3430 translato
744 3365 916 3430 videretur.
953 3365 1008 3430 sed
1029 3367 1183 3451 quoniam

171 3474 236 3520 non
264 3457 311 3520 its
338 3459 447 3520 essent
475 3454 622 3539 stipulati
650 3453 699 3518 ‘eo
725 3455 774 3519 itu
802 3455 870 3519 dori
897 3452 968 3517 fieri
997 3452 1183 3537 ‘spondes‘r’

243 3589 257 3635 1
281 3583 317 3638 F.
337 3587 451 3654 septem.
