2614 3914
39 241 41 245 v
158 196 224 261 406
253 197 326 253 VIII.
342 197 477 253 OCTAVI
492 196 1019 254 sAuc.1ufflscoNsunusuu1us
1034 199 1175 254 TERTIA

574 385 682 444 Liber
703 385 753 444 IX.

176 563 179 570 ,
247 503 277 568 8.
300 501 441 568 Maerob.
461 507 521 569 sat.
540 504 569 589 3,
590 505 618 586 I,
635 503 731 569 5-8.
763 502 833 569 Hoc
852 503 924 568 loeo
943 526 1008 568 uon
1028 504 1171 570 alienum

157 590 286 656 videtur
313 591 351 655 de
381 592 566 674 eondieipne
595 613 706 657 eorum
736 592 904 658 hominum
927 592 1060 674 referre,
1088 615 1170 678 quos

157 680 246 764 leges
271 702 379 745 saeros
404 702 473 745 esse
496 682 593 746 aertis
618 681 679 746 diis
703 681 830 767 iubent,
858 681 934 766 quia
957 702 1022 746 non
1045 683 1173 767 ignoro,

157 769 349 852 quibusdam
373 771 492 834 mirum
515 769 626 853 videri,
650 770 735 854 quod
760 792 833 835 aum
857 773 963 835 cetera
986 791 1078 835 saera
1100 771 1171 837 vio-

156 857 217 921 lari
252 857 343 922 nefas
377 859 433 942 sit,
469 859 634 923 hominem
671 880 797 923 sacrum
834 859 884 923 ius
921 858 1019 924 fuerit
1056 859 1168 924 occidi.

156 946 246 1010 euius
283 947 330 1010 rei
367 967 464 1012 eausa
499 947 579 1012 haee
616 950 675 1011 est
727 953 850 1012 veteres
887 948 1013 1011 nullum
1046 947 1168 1013 animal

157 1057 283 1100 suerum
305 1035 340 1098 in
362 1035 483 1100 finibus
505 1037 571 1101 suis
590 1058 661 1101 esse
679 1037 896 1121 patiebantur,
919 1037 973 1101 sed
993 1037 1169 1122 abigebant

156 1124 197 1188 ad
224 1123 303 1188 fines
336 1124 467 1189 deorum
500 1125 616 1208 quibus
643 1125 785 1190 ¹samum
801 1129 902 1209 esset,
934 1125 1059 1190 animas
1092 1147 1168 1192 vero

156 1216 355 1277 sacratorum
378 1213 554 1298 hominum,
578 1236 659 1298 quos
679 1212 795 1279 Graeci
820 1213 944 1292 ζωάνας
967 1218 1095 1300 vocant,
1118 1215 1166 1279 dis

156 1301 282 1366 debitas
310 1303 534 1368 aestimabant.
554 1306 557 1316 '
580 1302 846 1387 quemadmodum
876 1304 978 1386 igitur
1004 1303 1089 1388 quod
1119 1325 1169 1368 sa·

155 1411 244 1454 crum
268 1391 308 1453 ad
332 1390 408 1455 deos
432 1393 518 1475 ipsos
542 1393 630 1456 mitti
653 1413 718 1456 non
741 1395 882 1476 poterat,
906 1413 925 1456 a
948 1413 982 1456 se
1006 1392 1169 1458 dimittere

154 1500 222 1542 non
254 1478 460 1564 dubitabant,
492 1481 538 1545 sic
566 1482 703 1565 animas,
733 1501 813 1564 quas
844 1502 951 1544 sacras
979 1481 1015 1544 in
1043 1481 1170 1546 eoelum

155 1567 242 1630 mitti
277 1589 372 1651 posse
410 1569 559 1634 arbitrati
595 1577 671 1633 sunt
702 1570 850 1634 viduatas
883 1590 1030 1653 corpore,
1068 1592 1168 1654 quam

153 1655 294 1740 primum
330 1657 386 1722 illo
420 1659 466 1722 ire
501 1659 682 1725 voluerunt.
735 1658 880 1743 disputat
912 1657 950 1721 de
981 1658 1044 1724 hue
1077 1681 1168 1724 more

155 1745 253 1809 etiam
278 1744 450 1812 Trebatius
474 1747 667 1830 religionum
690 1747 773 1812 libro
797 1768 892 1811 nono.

579 1947 746 2006 Liber-x.

149 2128 152 2135 .
243 2065 273 2130 9.
305 2065 447 2131 Maerob.
471 2070 531 2130 sat.
555 2067 643 2150 3,‘3,
663 2066 691 2130 5.
737 2065 889 2132 Sanctum
920 2071 975 2147 est,
1012 2070 1050 2130 ut
1081 2067 1193 2131 idem'

155 2152 325 2218 Trebatius
344 2154 428 2218 libro
444 2154 567 2219 decimo
581 2155 773 2238 religionum
787 2155 896 2234 refert,
910 2156 1064 2220 interdum
1077 2156 1169 2240 idem,

152 2243 236 2322 qaiod
260 2261 384 2307 suerum
410 2244 549 2324 idemque
572 2245 654 2326 quod
678 2243 867 2329 reliyiosum,
894 2245 1048 2309 interdum
1070 2246 1168 2329 allud,

153 2330 208 2394 boe
230 2335 274 2395 est
295 2351 349 2396 uec
370 2351 494 2396 eumaem
516 2329 569 2396 nee
591 2332 766 2416 reliqiosum
788 2338 839 2398 est.

246 2419 295 2484 10.
332 2418 454 2486 Arnob.
482 2420 552 2484 adv.
579 2425 644 2485 nat.
669 2421 702 2503 7,
726 2422 777 2487 31.
824 2420 965 2486 ‘Mantus
995 2421 1058 2488 hoe
1090 2422 1169 2488 viuo

154 2505 270 2572 inferio
289 2508 379 2573 esto'.
408 2509 537 2592 InferiO,
557 2510 663 2594 inquIt
678 2509 858 2596 Trebatius,
876 2511 999 2575 uerbena
1017 2531 1053 2574 eu
1071 2531 1168 2576 causa

153 2601 198 2660 est
227 2599 368 2662 additum
399 2619 491 2681 euque
522 2601 642 2664 ratione
670 2600 840 2682 profertur,
871 2620 910 2663 ue
940 2601 1047 2664 viuum
1078 2620 1169 2665 omne

153 2687 278 2751 maiae
306 2689 387 2769 quod
412 2689 447 2752 in
473 2689 557 2754 eellts
583 2693 674 2772 utque
699 2689 852 2771 upotbeein
873 2693 918 2753 est
938 2689 1107 2766 eonditum,
1130 2709 1169 2753 ex

153 2775 264 2854 quibus
286 2776 367 2840 illud
386 2778 468 2858 quod
488 2777 659 2857 effunditur
680 2782 859 2861 promptum
881 2782 937 2860 est,
959 2798 1020 2843 esse
1042 2797 1168 2844 suerum

152 2863 285 2944 tuemini
306 2869 334 2928 et
356 2885 392 2929 ea
414 2866 520 2930 usitata
542 2867 694 2948 militatur
715 2867 868 2931 tumulate.

384 3081 439 3142 III.
471 3082 520 3142 De
543 3082 621 3142 inre
644 3083 747 3143 civili
770 3083 859 3142 libri

243 3205 419 3266 Trebatium
452 3207 483 3265 in
515 3207 571 3266 hac
600 3207 721 3284 quidem
750 3227 781 3267 re
812 3207 845 3278 Q.
873 3208 965 3268 Mucii
996 3208 1167 3284 exemplum

152 3296 290 3353 secutum
317 3295 409 3356 etiam
436 3296 470 3355 de
497 3296 561 3356 iure
586 3296 667 3356 uirili
691 3297 845 3374 scripsisse
869 3298 976 3357 donent
999 3297 1168 3376 Pomponfi,

151 3381 249 3462 PauII,
272 3383 396 3461 Ulpiani
417 3385 488 3445 libri
511 3386 550 3445 ad
569 3384 713 3446 Sabinum
736 3386 848 3463 sariptI,
870 3387 903 3444 in
926 3386 1034 3462 quibus
1054 3386 1168 3446 Treba-

152 3471 213 3530 tius
237 3477 357 3548 saepius
376 3475 525 3535 laudatur.
564 3477 635 3534 sunt
653 3476 732 3534 enim
750 3475 907 3551 Pomponii
925 3475 996 3532 libri
1013 3475 1029 3533 I
1046 3467 1096 3554 (D.
1112 3477 1167 3553 28,

150 3560 182 3634 5,
203 3555 323 3643 21pr.),
347 3563 375 3620 V
399 3557 449 3644 (D.
469 3566 519 3638 35,
541 3567 572 3642 1,
592 3556 641 3645 8),
668 3564 740 3624 XVI
762 3556 811 3646 (D.
832 3566 883 3642 44,
904 3566 932 3642 2,
953 3557 1022 3643 20),
1050 3564 1168 3624 XXXII
