2588 3908
165 195 229 262 168
266 195 313 251 VL
337 194 472 250 OCTAVI
491 192 587 249 SAEO.
606 193 703 249 IURIS
723 191 896 249 CONSULT.
914 192 1040 248 saules
1059 193 1187 249 PRIMA
1286 271 1287 284 ,

258 364 354 424 Servii
373 381 549 440 responsum
568 363 696 422 fortasse
718 361 757 421 ad
775 381 840 421 eam
859 361 1119 440 consultationem,
1145 363 1188 422 de

169 473 229 531 qna
248 455 295 512 est
312 454 349 513 fr.
370 455 399 528 3,
422 453 562 528 pertinet.
603 451 709 510 matris
728 453 760 509 et
777 451 857 509 filiae
875 451 996 509 nomina
1014 444 1187 526 (‘Maevia',

167 534 314 622 ‘Fulvia')
339 561 357 600 a
378 541 504 600 Neratio
527 541 626 599 deleta
648 540 790 599 videntur
813 557 885 598 esse.

255 652 286 718 5.
313 651 353 716 D.
372 653 424 735 28,
439 651 469 736 5,
482 649 535 715 45.
563 649 699 714 Alfenus
722 649 806 713 libro
830 649 942 734 quinto
967 648 1189 734 Digestorum

168 739 219 828 (P.
240 740 305 828 19).
350 741 447 805 Pater
473 739 616 803 familias
644 741 841 802 testamento
870 738 949 803 duos
971 737 1107 802 heredes
1131 739 1188 802 in·

170 830 330 894 stituerat.
367 851 422 893 eos
445 832 692 892 monumentum
715 826 822 891 facere
845 827 984 891 iusserat
1006 828 1040 889 in
1064 826 1188 892 diebus

170 919 275 1002 certis,
295 919 407 982 deinde
426 916 473 980 ita
489 917 675 1000 scripserat:
698 914 765 999 ‘qui
784 937 893 980 eorum
912 937 979 980 non
996 915 1188 1001 defecerit,
1287 976 1288 981 ,

170 1028 284 1072 omnes
322 1005 494 1070 exheredes
537 1004 663 1069 sunto':
711 1005 792 1068 alter
832 1003 925 1068 heres
966 1003 1188 1069 hereditatem

170 1097 444 1180 praetermiserat,
476 1094 618 1177 reliquus
646 1093 738 1157 heres
769 1093 974 1178 consulebat,
996 1103 1078 1156 'cum
1110 1093 1188 1177 ipse

170 1188 415 1249 monumentum
439 1182 660 1266 exstruxisset,
683 1182 840 1266 numquid
859 1183 965 1245 minus
984 1181 1076 1245 heres
1096 1188 1190 1246 esset

171 1275 213 1339 ob
229 1295 299 1337 eam
314 1294 392 1357 rem,
411 1271 495 1356 quod
510 1272 641 1336 coheres
661 1271 728 1335 eius
747 1270 957 1335 hereditatem
971 1292 1036 1334 non
1052 1270 1188 1338 edisset.

171 1361 340 1447 respondit
361 1361 523 1426 neminem
548 1382 587 1424 ex
611 1360 745 1424 alterins
768 1360 855 1424 facto
879 1358 1051 1424 hereditati
1078 1381 1187 1444 neque

172 1450 303 1536 alligari
325 1471 429 1535 neque
453 1448 639 1514 exheredari
662 1471 771 1535 posse,
799 1449 853 1512 sed
877 1449 926 1511 uti
950 1449 1084 1533 quisque
1108 1470 1188 1513 oon-

172 1541 331 1604 dioionem
355 1539 535 1624 implesset,
565 1539 711 1624 quamvis
739 1559 834 1602 nemo
859 1536 981 1601 adisset
1003 1540 1188 1622 praeterea,

169 1633 376 1692 tamencum
400 1627 550 1692 heredem
575 1649 654 1691 csse.

260 1747 398 1808 Servium
412 1749 448 1809 de
463 1748 595 1808 cretione
609 1747 719 1806 dixisse
733 1746 856 1805 Pernice
871 1745 970 1805 Labeo
985 1746 1032 1805 III
1046 1767 1074 1822 p.
1085 1749 1127 1806 43
1139 1767 1186 1826 sq.

170 1837 257 1899 vidit.
307 1839 343 1898 cf.
367 1837 432 1897 Gai.
451 1837 494 1913 II,
520 1837 596 1896 174:
627 1834 780 1893 interdum
807 1835 880 1894 duos
904 1835 1042 1910 pluresve
1070 1836 1187 1913 gradus

171 1926 316 1986 heredum
339 1926 475 2002 facimus,
498 1926 554 1984 hoc
577 1923 678 1982 modo:
704 1917 748 1982 ‘Ia
768 1923 867 1983 Titius
890 1923 976 1984 heres
1000 1928 1063 1986 esto
1087 1927 1185 1986 cerni-

170 2018 264 2090 toque
287 2015 319 2072 in
342 2015 447 2074 diebus
470 2006 635 2089 (centum)
659 2011 801 2087 proximis
824 2013 933 2089 quibus
957 2013 1031 2073 scies
1054 2015 1188 2090 poteris-

172 2123 239 2180 que.
291 2103 403 2179 quodni
432 2103 476 2160 ita
504 2101 646 2173 creveris,
680 2101 803 2160 exheres
831 2105 904 2162 esto.
954 2105 1019 2161 tum
1047 2103 1186 2164 Maevius

173 2193 260 2249 heres
275 2195 340 2250 esto
357 2191 530 2266 cernitoque
545 2189 576 2249 in
591 2189 697 2248 diebus
712 2185 844 2248 centum’
858 2191 1026 2266 etreliqua.
1053 2191 1186 2268 11‚164:

173 2279 323 2338 extraneis
351 2279 511 2338 heredibus
535 2279 612 2338 solet
635 2278 727 2338 cretio
751 2278 829 2356 dari,
856 2279 888 2337 id
911 2282 958 2338 est
980 2278 1046 2339 finis
1070 2281 1186 2342 delibe-

171 2366 268 2445 randi,
291 2369 326 2425 ut
348 2367 429 2426 intra
447 2371 563 2426 certum
581 2369 701 2444 tempus
720 2367 770 2426 vel
788 2368 899 2426 adeant
916 2368 1116 2428 hereditatem
1134 2373 1187 2430 vel

171 2455 198 2516 si
220 2475 280 2516 non
303 2457 421 2533 adeant,
443 2456 589 2532 temporis
611 2455 670 2515 fine
694 2458 948 2516 summoveantur.

261 2577 289 2642 6.
314 2576 352 2642 D.
369 2575 532 2660 35,1,27.
567 2575 701 2640 Alfenus
721 2573 828 2640 Varus
847 2575 932 2639 libro
951 2576 1063 2659 quinto
1083 2575 1187 2662 Dige-

171 2669 296 2731 stomm
321 2661 469 2749 (Rara.
505 2664 545 2729 ln
568 2668 763 2730 testamento
787 2663 919 2748 quidam
942 2665 1124 2748 scripserat,
1147 2672 1187 2733 nt
1292 2721 1293 2742 2

172 2755 234 2818 sibi
266 2759 511 2818 monumentum
544 2755 583 2818 ad
619 2754 802 2838 exemplum
834 2754 916 2835 eius,
948 2753 1034 2837 quod
1065 2755 1099 2818 in
1131 2757 1187 2820 via
1292 2793 1293 2798 κ

172 2841 298 2908 Salaria
330 2847 416 2907 esset
447 2841 553 2906 Publii
585 2839 734 2924 Septimii
766 2841 939 2924 Demetrii,
975 2843 1080 2906 fieret:
1116 2845 1184 2909 nisi

171 2931 294 2994 factum
317 2935 416 3014 esset,
442 2930 574 2993 heredes
598 2951 716 3014 magna
738 2931 874 3014 pecunia
897 2931 1061 2995 multaret.
1106 2954 1182 2997 oum

172 3018 205 3082 id
229 3026 472 3083 monumentum
495 3017 602 3082 Publii
620 3016 768 3102 Septimii
787 3018 945 3084 Demetrii
967 3019 1091 3084 nullum
1111 3042 1185 3104 rep·

172 3106 372 3191 petiebatur,
396 3106 450 3172 sed
473 3105 581 3170 Publii
604 3103 752 3190 Septimii
774 3106 898 3172 Damae
922 3111 1005 3192 erat,
1033 3108 1072 3172 ad
1097 3110 1184 3193 quod

173 3196 355 3279 exemplum
381 3195 607 3280 suspicabatur
633 3217 706 3260 enm
730 3196 785 3280 qui
808 3199 1039 3262 testamentum
1061 3195 1186 3265 fecerat

174 3289 420 3351 monumentum
449 3285 512 3349 eibi
535 3284 605 3348 fieri
628 3284 783 3370 voluisse,
815 3285 1013 3369 quaerebant
1041 3285 1186 3371 heredes,

173 3374 354 3440 cuiusmodi
377 3378 621 3438 monumentum
644 3395 679 3438 se
702 3374 807 3440 facere
830 3379 994 3458 oporteret
1017 3378 1063 3458 et,
1090 3377 1118 3440 si
1142 3377 1185 3442 ob

175 3485 246 3528 eam
265 3486 334 3528 rem
351 3463 477 3528 nullum
497 3466 739 3528 monumentum
758 3463 918 3548 fecissent,
937 3463 1094 3548 quianon
1115 3487 1187 3548 rep·

173 3551 330 3636 perirent,
365 3552 405 3618 ad
438 3551 523 3636 quod
556 3552 737 3636 exemplum
770 3552 928 3630 facerent,
964 3574 1043 3616 num
1075 3575 1184 3637 poena
