2602 3912
302 190 325 240 7.
350 185 382 253 Q.
401 184 536 242 MUCIUS
555 187 587 242 P.
605 185 635 242 F.
655 187 686 244 P.
700 185 735 242 N.
755 185 944 244 SCAEVOLA
1083 189 1125 254 57

16 316 17 342 .
111 374 156 416 ne
179 354 302 414 arbores
326 353 404 413 eius
425 373 486 414 non
508 355 682 416 viderentur
699 349 817 416 factae’.
859 357 895 416 cf.
914 356 993 416 infra
1015 377 1043 432 p.
1064 351 1130 437 68).

115 443 156 504 de
175 442 329 503 nonnullis
347 443 506 520 responsis,
524 463 599 520 quae
617 443 649 503 in
671 442 823 521 Pomponii
840 444 926 504 libris
944 445 983 503 ad
998 445 1130 505 Mucium

114 533 307 610 referuntur,
332 530 457 591 dubium
480 535 541 609 est,
561 535 665 592 utrum
687 533 781 592 Mucii
804 551 843 592 an
865 533 942 593 alius
965 533 1040 594 iuris
1063 553 1130 595 con-

117 622 195 682 sulti
222 621 291 680 sint.
339 624 410 680 sunt
437 623 538 681 autem
565 621 651 682 haec:
678 621 714 680 D.
735 625 764 699 9,
785 625 813 695 2,
833 625 873 684 39
899 614 1015 702 (Pomp.
1036 616 1128 704 274),

16 699 18 714 ’
115 711 326 787 1141111
346 702 464 788 (Pomp.
482 702 559 791 aas)
584 713 615 770 ea
636 710 673 772 n.
691 713 844 790 11111
862 705 979 789 (Pomp.
996 712 1085 792 315).

209 797 276 858 Hoc
297 797 362 857 loco
386 817 421 858 ea
443 801 562 859 tantum
580 817 723 876 responsa
741 800 891 877 collocavi,
910 818 986 876 quae
1004 800 1036 859 in
1054 801 1129 861 iuris

118 888 218 949 civilis
245 886 339 946 libros
365 891 487 964 recepta
513 889 606 948 fuisse
632 907 693 948 non
718 889 868 950 videntur.
915 889 1036 948 adiunxi
1064 893 1129 968 ety-

117 976 279 1054 mologica,
304 995 380 1054 quae
403 977 502 1036 Mucio
526 976 742 1056 attribuuntur,
764 981 884 1054 praeter
905 997 941 1038 ea
960 997 1037 1056 quae
1055 978 1129 1038 iuris

118 1065 218 1127 ciuilis
241 1064 387 1124 librorum
408 1066 549 1125 videntur
571 1084 644 1125 esse.

212 1186 254 1248 1⁸.
276 1181 381 1248 Varro
405 1183 443 1247 de
466 1183 486 1247 1.
506 1184 527 1249 l.
547 1185 577 1264 6,
595 1185 626 1268 4,
648 1186 735 1267 530.
758 1223 800 1232 —
824 1185 959 1252 Praetor
982 1185 1037 1272 qui
1059 1190 1130 1252 turn

15 1337 16 1350 ,
120 1271 180 1356 (sc.
204 1272 317 1337 diebus
339 1272 475 1336 nefastis
497 1273 561 1338 tria
579 1270 691 1360 verba)
709 1271 796 1338 fatus
815 1280 874 1359 est,
898 1276 925 1339 si
943 1275 1129 1359 imprudens

119 1362 210 1438 fecit,
239 1359 396 1444 piaculari
419 1361 527 1426 hostia
553 1361 639 1427 facta
661 1364 783 1446 piatur,
811 1363 839 1427 ri
867 1363 1008 1447 prudens
1040 1363 1130 1447 dixit,

121 1449 157 1526 Q.
177 1449 304 1514 Mucius
328 1448 462 1534 aiebat¹,
486 1472 558 1515 eum
583 1451 705 1534 expiari
728 1458 764 1515 ut
786 1453 923 1534 impium
942 1475 1007 1517 non
1026 1474 1129 1536 posse.

214 1536 257 1604 lb.
281 1536 424 1604 Macrob.
441 1543 500 1604 sat.
518 1539 612 1622 l,l6,
628 1540 678 1604 10.
696 1576 733 1586 —
750 1544 879 1624 praeter
898 1541 1035 1605 multam
1053 1563 1129 1605 vero

121 1627 347 1692 affirmabatur
365 1647 447 1710 eum,
467 1628 523 1712 qui
540 1629 662 1693 talibus
682 1628 795 1693 diebus
815 1625 872 1714 (sc.
887 1629 991 1716 feriis)
1010 1631 1126 1714 impru-

120 1717 201 1781 dens
222 1715 345 1800 aliquid
363 1717 492 1801 egisset,
515 1738 613 1800 porco
632 1717 794 1802 piaculum
813 1720 890 1780 dare
909 1717 1034 1799 debere,
1056 1739 1130 1803 pru·

121 1806 251 1870 dentem
271 1804 394 1889 expiari
411 1827 478 1870 non
492 1827 588 1890 posse
604 1803 759 1870 Scaevola
772 1805 920 1890 pontifex
935 1806 1129 1873 affirmabat.

211 1894 241 1958 2.
268 1890 411 1959 Macrob.
435 1897 496 1959 sat.
518 1895 618 1977 1,16‚
641 1897 661 1976 ἓ
682 1897 732 1960 11.
757 1931 798 1941 -
823 1892 978 1960 Scaevola
1002 1942 1032 1960 ..
1056 1917 1130 1960 con·

121 1984 237 2065 sultus,
259 1983 335 2068 quid
358 1982 447 2047 feriis
467 1983 523 2068 agi
541 1983 660 2068 liceret,
682 1984 862 2070 respondit:
887 1983 971 2068 quod
990 1989 1129 2068 praeter-

120 2074 257 2136 missum
280 2075 420 2136 noceret.
461 2073 505 2154 [si
526 2072 586 2137 bos
604 2073 639 2136 in
658 2095 788 2157 specum
807 2073 977 2138 decidisset
995 2093 1131 2158 eumque

120 2160 356 2246 paterfamilias
380 2160 534 2226 adhibitis
558 2162 665 2246 operis
688 2162 867 2246 liberasset,
890 2183 956 2226 nou
974 2165 1024 2226 est
1041 2163 1130 2226 visus

120 2249 218 2314 ferias
252 2249 423 2334 polluisse,
443 2271 518 2319 ι1111
550 2250 605 2314 1111
639 2250 693 2334 qui
725 2251 851 2316 trabem
883 2250 961 2315 11111
992 2250 1130 2316 fractam

120 2337 282 2404 fulciendo
306 2339 346 2403 ab
369 2338 553 2403 imminenti
577 2339 753 2404 vindicavit
775 2341 888 2420 ruina]

210 2449 398 2526 Responsum
416 2468 484 2509 cum
503 2451 652 2510 sententia
669 2450 723 2509 1111
741 2469 832 2528 quarn
850 2450 930 2527 apud
943 2450 1131 2510 Matthaeum

124 2540 225 2616 12,11
241 2538 379 2616 legimus,
396 2557 520 2615 prorsus
539 2539 707 2599 consentire
721 2542 856 2616 apparet.
889 2539 941 2597 sed
955 2557 1031 2615 quac
1044 2538 1130 2598 uncis

121 2627 242 2700 inclusi,
265 2647 325 2687 non
346 2627 451 2706 Mucii,
474 2628 526 2688 sed
548 2627 721 2704 interpretis
743 2628 884 2687 videntur
907 2644 979 2686 esse.

211 2747 241 2811 3.
263 2745 347 2811 Fest
362 2768 390 2810 1.
402 2747 533 2831 petilam
548 2769 579 2831 p.
589 2747 663 2811 205.
677 2781 721 2792 -
735 2745 875 2810 Petilam
890 2766 999 2809 suram
1014 2746 1131 2810 siccam

123 2843 155 2899 et
192 2835 400 2900 substrictam
437 2836 536 2921 vulgo
573 2837 835 2919 interpretantur.
891 2832 1044 2900 Scaevola
1077 2835 1132 2919 ait,

122 2923 277 3009 ungulam
302 2924 408 2988 albam
433 2926 506 3008 equi
528 2925 575 2988 ita
599 2923 670 2990 dici.

211 3013 242 3078 4.
265 3010 350 3077 Fest
369 3034 399 3078 1.
416 3011 586 3078 nefrendes
605 3035 635 3098 p.
652 3012 723 3078 162.
745 3049 783 3060 -
804 3011 1005 3096 <nefrendes
1027 3012 1130 3078 dictos

123 3102 239 3166 asserit
261 3100 300 3178 Q.
317 3100 464 3184 Mucius>
488 3098 642 3167 Scaevola
665 3102 839 3186 (arietes),
867 3102 952 3186 quod
981 3101 1131 3168 dentibus

121 3190 267 3255 frendere
290 3211 355 3254 non
378 3191 513 3275 possint.

211 3277 242 3343 5.
260 3277 367 3344 Varro
381 3280 420 3343 de
435 3281 454 3344 1.
469 3279 490 3344 1.
505 3279 535 3360 5,
552 3279 602 3361 15,
616 3279 668 3344 83.
682 3316 725 3327 -
739 3278 922 3357 Pontifices
936 3282 973 3343 ut
989 3278 1026 3355 Q.
1040 3277 1132 3344 Scae·

13 3357 14 3372 ¹
123 3367 197 3433 vola
220 3366 366 3451 pontifex
390 3369 549 3433 maximus
574 3368 710 3452 dicebat,
734 3390 753 3432 a
777 3389 871 3451 posse
895 3375 928 3432 et
950 3368 1063 3432 facere.

194 3566 209 3614 1
234 3558 330 3615 aiebat
347 3559 380 3616 L.
396 3559 522 3632 Speopet,
545 3559 678 3630 abigebat
696 3560 754 3618 cod.
769 3561 814 3627 F,
838 3556 1000 3627 ambigebat
1018 3557 1122 3612 Laetae
