2614 3914
1304 65 1306 74 r

1304 169 1306 180 r

180 198 246 272 382
274 197 346 254 VIII.
362 197 495 253 ocTnvl
509 195 608 254 SAEC.
622 195 719 251 IURIS
735 195 907 252 CONSULT.
918 194 1044 250 santus
1057 195 1197 252 TERTIA

271 361 322 428 15.
354 359 466 428 Oioero
498 359 651 425 Trebatio
684 383 708 424 s.
739 395 776 408 -
812 358 962 424 Illusaras
998 359 1069 423 heri
1105 360 1197 424 inter

180 450 333 536 scyphos,
361 449 446 535 quod
474 449 617 513 dixeram
644 449 895 514 controversiam
924 469 1008 526 esse,
1035 452 1193 531 possetne

179 540 286 622 heres,
318 539 404 623 quod
435 537 559 602 furtum
591 541 687 602 antea
718 537 839 602 factum
868 540 966 622 esset,
993 537 1074 600 furti
1103 542 1195 602 recte

180 649 284 714 agere.
333 627 441 712 itaque
467 627 530 692 etsi
552 627 682 691 domum
705 627 787 690 bene
809 629 905 708 potus
930 647 1064 710 seroque
1089 627 1192 691 redie-

179 740 264 799 ram,
299 721 410 781 tamen
446 714 478 779 id
515 719 625 798 caput,
664 715 720 780 ubi
756 714 836 779 haec
872 714 1093 779 controversia
1130 720 1193 798 est,

179 805 291 872 notari
317 809 351 870 et
377 803 572 890 descriptum
595 803 657 867 tibi
680 803 769 888 misi,
792 807 829 867 ut
852 802 950 868 scires
973 802 1020 886 id,
1044 802 1130 887 quod
1154 808 1191 868 tu

178 895 341 960 neminem
365 893 502 958 sensisse
525 892 667 977 dicebas,
691 890 760 958 Sex.
779 892 917 974 Aelium,
940 890 992 956 Μ’.
1010 891 1192 978 Manilium,

179 983 222 1049 M.
245 983 384 1048 Brutum
407 983 555 1046 sensisse.
600 1002 661 1067 ego
685 986 796 1046 tamen
819 977 992 1046 Scaevolae
1017 984 1050 1044 et
1072 980 1192 1046 Testae
1226 1040 1229 1046 .

181 1073 354 1138 adsentior.
383 1066 470 1157 (VII,
488 1067 547 1156 22)

269 1161 319 1225 16.
348 1157 460 1224 Cicero
488 1158 641 1224 Trebatio
671 1180 694 1223 s.
719 1194 761 1204 -
784 1157 967 1222 Amabilior
988 1157 1070 1222 mihi
1094 1157 1192 1223 Velie

178 1249 250 1324 fuit,
275 1247 359 1334 quod
382 1253 415 1311 te
439 1249 479 1312 ab
505 1269 542 1312 ea
566 1247 650 1312 sensi
674 1246 776 1312 amari
874 1250 919 1324 tu,
941 1247 969 1310 si
993 1267 1043 1311 me
1067 1247 1191 1332 audies,

179 1360 272 1423 quem
295 1337 390 1419 soles,
412 1335 471 1401 has
489 1340 642 1420 paternas
665 1335 887 1420 possessiones
910 1334 1035 1399 tenebis
1136 1357 1192 1400 nc-

178 1449 238 1511 que
253 1425 413 1501 Haletem,
427 1425 568 1490 nobilem
584 1447 721 1509 amnem,
734 1423 893 1508 relinques
907 1444 966 1488 nec
979 1422 1191 1507 Papirianam

179 1515 308 1581 domum
337 1513 463 1579 deseres
562 1513 709 1598 inprimis
733 1517 949 1598 opportunum
973 1511 1114 1598 videtur,
1137 1513 1191 1578 bis

177 1603 367 1689 praesertim
407 1602 622 1686 temporibus,
663 1601 783 1666 habere
823 1600 1006 1686 perfugium
1047 1601 1191 1684 primum

178 1715 288 1758 eorum
312 1693 439 1776 urbem,
462 1692 578 1778 quibus
602 1712 694 1756 carus
719 1691 778 1773 sis,
805 1689 918 1754 deinde
941 1692 1032 1753 tuam
1055 1689 1191 1756 domum

177 1789 313 1868 tuosque
342 1802 451 1866 agros,
479 1802 579 1865 eaque
606 1783 744 1864 remoto,
772 1779 908 1863 salubri,
936 1799 1072 1844 amoeno
1101 1779 1191 1864 loco;

178 1872 274 1956 idque
298 1869 396 1936 etiam
420 1891 492 1934 mea
515 1869 679 1950 interesse,
701 1869 747 1932 mi
770 1867 916 1951 Trebati,
939 1867 1089 1931 arbitror.
1132 1869 1189 1933 sed

175 1960 299 2024 valebis
327 1979 460 2041 meaque
488 1958 621 2043 negotia
653 1955 778 2022 videbis
811 1977 924 2041 meque
956 1955 1015 2020 diis
1048 1957 1190 2022 iuvanti-

175 2050 236 2114 bus
261 2051 336 2113 ante
359 2047 505 2111 brumam
529 2045 731 2130 exspectabis

264 2159 347 2220 XIII.
370 2157 436 2216 Kal.
460 2157 563 2216 Sextil.
588 2155 681 2216 Velia.
713 2148 796 2237 (VH,
816 2147 874 2238 20)

267 2269 319 2332 17.
347 2265 459 2332 Cicero
487 2265 639 2331 Trebatio
664 2289 688 2331 s.
710 2301 748 2314 -
773 2269 895 2331 ...ut
921 2266 1061 2350 primum
1089 2265 1191 2332 Velia

176 2357 332 2442 navigare
364 2356 468 2440 coepi,
504 2355 633 2420 institui
666 2355 788 2439 Topica
819 2353 1017 2420 Aristotelea
1048 2358 1190 2421 conscri-

175 2447 252 2511 bere
371 2465 443 2509 eum
472 2443 590 2508 librum
622 2445 685 2510 tibi
716 2444 791 2508 misi
819 2443 921 2528 Regio
1042 2443 1093 2508 sin
1125 2445 1189 2510 tibi

177 2535 335 2620 quaedam
356 2529 550 2598 videbuntur
576 2533 772 2618 obscuriora,
795 2534 938 2616 cogitare
963 2532 1093 2598 debebis
1116 2534 1188 2598 nul-

175 2626 242 2690 lam
267 2628 370 2688 artem
394 2622 512 2687 litteris
537 2623 606 2687 sine
629 2625 804 2705 interprete
828 2625 861 2685 et
884 2619 953 2686 sine
972 2621 1080 2707 aliqua
1098 2644 1188 2688 exer·

176 2713 329 2778 citatione
357 2713 478 2797 percipi
506 2733 609 2795 posse.
658 2733 720 2776 non
747 2711 845 2796 longe
874 2709 1006 2774 abieris:
1033 2732 1111 2775 num
1135 2713 1186 2775 ius

89 2885 91 2892 Ι
176 2803 269 2867 civile
297 2809 438 2866 vestrum
467 2822 505 2864 ex
530 2801 623 2864 libris
648 2798 799 2885 cognosci
821 2799 951 2883 potest?
997 2799 1053 2883 qui
1076 2821 1187 2884 quam·

175 2911 272 2974 quam
304 2888 436 2972 plurimi
469 2893 557 2972 sunt,
590 2889 752 2954 doctorem
781 2893 891 2952 tamen
920 2909 1076 2970 usumque
1105 2889 1187 2952 desi-

175 2979 362 3042 derant

262 3090 298 3149 V.
321 3088 389 3148 Kal.
412 3086 517 3149 Sextil.
540 3087 643 3164 Regio.
682 3081 765 3168 (VII,
786 3080 842 3168 19)

263 3295 374 3354 Romae
401 3292 495 3353 redux
517 3293 596 3352 inter
619 3291 754 3352 Caesaris
778 3292 941 3352 familiares
962 3293 1184 3368 perseverabat.

174 3403 243 3443 cum
262 3383 390 3444 dictator
408 3385 509 3459 patres
524 3381 707 3458 conscriptos
722 3401 776 3458 pro
791 3381 864 3440 aede
878 3381 1002 3440 Veneris
1017 3380 1185 3441 Genetricis

174 3473 279 3532 sedens
304 3474 460 3548 exciperet,
484 3472 643 3532 Trebatius
667 3490 734 3530 eum
758 3470 921 3548 admonuit,
945 3473 980 3528 ut
1003 3474 1183 3547 assurgeret.

175 3580 202 3619 a.
223 3553 347 3640 720l34
374 3561 424 3621 vel
451 3579 477 3619 a.
502 3562 623 3640 721s33
652 3559 797 3621 Horatius
826 3577 911 3620 serm.
932 3560 997 3636 2,1
1029 3577 1098 3618 eum
1126 3559 1185 3618 sibi
