2602 3912
182 209 202 271 6
359 211 379 266 Ι.
404 207 531 277 QUINTI
550 207 701 265 sancum
719 207 815 264 IURIS
836 207 1011 264 CONSULTI

183 379 278 452 patris
314 383 464 456 potestate
499 381 613 456 manet,
652 379 676 435 si
713 379 871 453 quotannis
903 379 1077 438 trinoctium
1110 380 1189 456 apud

182 471 299 543 patrem
332 469 449 528 habitet
480 469 582 544 itaque
613 466 672 526 viri
703 467 948 526 consuetudinem
979 469 1187 544 interrumpat.

182 555 257 616 Gell.
278 560 305 616 3.
327 561 355 634 2,
378 555 418 634 ἐξ
440 559 489 615 12.
511 559 560 616 13.

270 646 367 706 Huius
400 665 471 724 ergo
503 645 620 724 generis
653 644 785 704 actiones
813 645 945 720 Appium
973 643 1131 705 Claudium
1158 647 1189 706 in

181 733 258 794 libro
282 736 318 794 de
341 735 586 810 usurpationibus
610 734 780 810 exposuisse
804 737 941 809 apertum
965 737 1019 794 est.

498 1037 537 1118 2.
575 1041 646 1116 ΟΝ.
673 1039 877 1114 FLAVIUS

481 1186 585 1245 aeuus
609 1186 720 1244 curans
744 1188 891 1266 151164.
975 1187 977 1191 ·
1035 1151 1039 1173 “

267 1311 449 1386 Pomponius
478 1307 497 1385 ἓ
523 1315 540 1370 7
571 1303 691 1386 ‘postea
719 1329 786 1368 cum
810 1311 926 1386 Appius
951 1309 1094 1371 Claudius
1122 1331 1189 1389 pro-

178 1401 330 1476 posuisset
354 1403 384 1458 et
408 1400 445 1458 ad
468 1399 595 1460 formam
617 1399 782 1477 redegisset
804 1400 859 1458 has
883 1399 1015 1459 actiones
1040 1391 1093 1482 (sc.
1113 1421 1188 1478 quse

180 1493 268 1548 antea
295 1489 374 1564 apud
398 1489 558 1565 collegium
580 1488 754 1564 pontificum
778 1481 891 1568 erant),
922 1487 1041 1548 Gnaeus
1065 1489 1189 1549 Flavius
1297 1475 1298 1498 ¹

180 1578 279 1638 scriba
293 1578 356 1636 eius
371 1577 503 1636 libertini
519 1578 599 1637 filius
614 1577 789 1652 subreptum
803 1577 914 1636 librum
928 1578 1039 1653 populo
1054 1579 1189 1652 tradidit,

179 1669 210 1726 et
233 1665 306 1726 adeo
330 1669 450 1744 gratum
473 1668 532 1725 fuit
554 1667 585 1724 id
608 1685 715 1724 munus
736 1667 855 1742 populo,
879 1670 915 1724 ut
933 1667 1072 1726 tribunus
1091 1667 1188 1742 plebis

177 1756 264 1815 fieret
287 1759 317 1814 et
341 1760 460 1816 senator
484 1759 514 1814 et
537 1755 641 1814 aedilis
661 1747 795 1814 curulis'.
835 1754 899 1813 Liv.
920 1757 948 1828 9,
968 1757 1009 1815 46
1035 1749 1187 1814 ε011111·

177 1845 245 1904 vius
261 1892 267 1905 .
283 1891 289 1904 .
306 1893 310 1904 .
326 1845 414 1905 civile
446 1845 493 1903 ius
526 1843 693 1919 repositum
719 1843 750 1899 in
780 1843 984 1917 penetralibus
1013 1845 1187 1919 pontificum

177 1927 353 2010 evulgavit'.
396 1932 454 1992 Cic.
475 1931 595 1990 adAtt.
617 1933 723 2002 6.1,8
749 1924 814 1991 ‘neo
837 1931 925 2006 pauci
948 1935 1019 1990 sunt
1042 1937 1187 2012 auctores,

178 2021 230 2080 On.
253 2021 392 2080 Flavium
419 2021 546 2080 scribam
573 2021 667 2079 fastos
700 2019 860 2095 protulisse
889 2020 1078 2096 actionesque
1109 2041 1186 2082 corn·

176 2102 332 2184 posuisse'.

464 2197 524 2256 Ius
547 2197 655 2257 civile
678 2197 899 2256 Flavianum.

264 2313 447 2390 Pomponius
485 2311 504 2388 ἕ
535 2317 552 2373 7
591 2306 654 2371 ‘hio
686 2312 763 2370 liber
795 2313 848 2390 qui
880 2313 1009 2372 actiones
1043 2314 1186 2391 continet,

177 2403 346 2478 appellatur
382 2402 429 2462 ius
466 2402 553 2462 civile
587 2401 775 2474 Flavianum,
813 2403 890 2460 siout
926 2402 978 2460 ills
1015 2402 1062 2461 ius
1098 2403 1186 2462 civile

176 2491 382 2567 Papirianum,
409 2509 478 2550 nam
506 2509 560 2550 nec
588 2489 706 2550 Gnaeus
729 2490 852 2550 Flavius
880 2491 916 2548 de
945 2509 997 2550 suo
1027 2491 1187 2568 quicquam

177 2581 286 2639 adiecit
312 2573 409 2640 libro?
455 2581 546 2640 verba
574 2598 649 2656 quae
676 2579 724 2637 hio
752 2580 787 2638 de
810 2580 877 2638 iure
901 2579 1059 2655 Papiriano
1082 2580 1187 2658 legun·

176 2673 228 2728 tur
260 2689 396 2746 quaeque
430 2669 623 2728 illustrentur
651 2659 723 2743 §l2
751 2668 851 2727 verbis
887 2662 973 2743 ‘quae
1007 2661 1061 2747 (so.
1089 2665 1186 2749 leges)

177 2776 278 2817 omnes
298 2758 481 2832 conscriptae
503 2760 622 2816 exstant
640 2757 671 2814 in
690 2757 766 2816 libro
786 2757 869 2815 Sexti
887 2757 999 2832 Papirii
1018 2804 1046 2817 ..
1066 2757 1091 2816 is
1110 2757 1187 2817 liber

178 2891 228 2906 ...
248 2847 419 2922 appellatur
437 2847 484 2905 ius
504 2846 590 2905 civile
607 2839 820 2920 Papirianum,
839 2845 1037 2920 Pomponium
1055 2846 1103 2904 vel
1122 2846 1185 2906 eius

177 2938 328 2994 auctorem
351 2935 462 2994 librum
480 2933 593 3009 Papirii
612 2934 853 3010 antiquissimum
872 2937 996 3009 putasse
1017 2935 1186 3010 ostendunt,

176 3042 235 3100 qua
258 3024 294 3082 de
317 3043 348 3082 re
372 3024 451 3082 infra
474 3023 642 3082 accuratius
666 3022 878 3098 disputabitur.

265 3113 311 3170 Ex
338 3113 394 3171 boc
421 3112 499 3171 libro
528 3129 597 3186 pars
624 3113 751 3170 fortasse
775 3129 879 3170 earum
901 3114 1042 3170 notarum
1065 3115 1186 3187 sumpta

175 3205 231 3277 est,
251 3219 326 3278 quae
346 3201 425 3276 apud
439 3201 477 3259 M.
494 3199 647 3258 Valerium
662 3199 790 3258 Probum
807 3202 926 3258 exstant
940 3200 995 3258 sub
1010 3201 1128 3259 rubrica
1143 3194 1186 3260 ‘in

175 3291 251 3367 legis
276 3289 443 3348 actionibus
466 3281 560 3347 haec'.
597 3289 760 3347 Mommsen
781 3288 849 3363 Lpn.
868 3288 934 3347 Ber.
956 3290 1040 3348 1853
1062 3310 1090 3364 p.
1113 3291 1185 3350 133.

264 3379 316 3438 Ius
339 3378 426 3438 civile
450 3377 627 3439 Flavianum
650 3381 719 3435 ante
743 3377 853 3436 librum
877 3377 913 3436 de
936 3377 1184 3454 usurpationibus

174 3469 375 3544 conscriptum
398 3467 492 3527 fuisse
515 3486 574 3527 non
597 3469 644 3526 est
666 3483 720 3525 our
744 3484 903 3525 sumamus.

600 3633 759 3640 ——--—-
