2600 3908
154 168 194 232 78
232 169 279 224 IV.
304 167 450 223 SEPTIMI
464 167 562 224 SAEC.
576 167 671 223 IURIS
685 168 859 224 CONSULT.
875 167 1000 222 ssalns
1015 168 1162 222 ALTERA

242 332 291 396 16.
322 331 358 396 D.
375 332 427 410 34,
442 333 472 414 2,
488 333 539 416 34,
555 335 583 397 1.
617 331 815 418 Pomponius
834 331 912 396 ibid.
944 330 1028 395 Item
1047 332 1161 395 scribit

151 419 289 496 Quintus
313 419 451 484 Mucius:
481 421 509 484 si
537 422 673 484 maritus
699 421 793 484 uxori
816 443 888 486 cum
912 419 1045 484 haberet
1069 421 1160 504 quin·

151 531 211 593 que
230 508 337 594 pondo
357 509 436 591 auri,
454 505 596 592 legasset
613 511 662 574 ita
681 508 806 573 ‘aurum
825 509 1034 594 quodcunque
1048 509 1159 572 uxoris

150 619 247 662 causa
261 601 411 682 paralum
426 603 519 682 esset,
533 599 581 661 uti
595 599 689 662 heres
701 599 794 662 uxori
809 597 919 676 daret,'
934 597 1061 661 etiamsi
1075 597 1161 661 libra

150 687 219 750 auri
251 687 324 750 inde
353 688 494 750 venisset
521 689 555 751 et
581 688 696 752 mortis
724 692 868 770 tempore
896 686 1034 770 amplius
1062 707 1160 770 quam

149 779 302 860 quattuor
327 776 430 840 librae
453 798 518 840 non
541 775 833 858 deprehenduntur,
861 777 895 839 in
917 775 995 838 totis
1020 774 1161 860 quinque

149 864 242 928 libris
269 863 420 928 heredem
444 886 512 928 esse
537 865 717 950 obligatum
743 861 909 950 [quoniam
932 865 1086 928 articulus
1110 868 1161 927 est

149 954 327 1034 praesentis
350 953 507 1037 temporis
531 954 841 1018 demonstrationem
860 953 893 1016 in
913 975 947 1016 se
966 952 1159 1032 continens}

238 1055 436 1131 Pomponium
463 1057 505 1114 sic
531 1056 685 1132 scripsisse
711 1058 798 1133 puto:
828 1055 853 1115 si
878 1055 1006 1114 maritus
1030 1099 1059 1115 ..
1083 1055 1158 1114 obli·

149 1147 254 1221 gatum
274 1143 403 1214 Quintus
421 1145 539 1204 Mucius
563 1145 675 1204 scribit.
717 1145 752 1204 de
773 1146 920 1204 commate
938 1144 1025 1203 uncis
1043 1143 1159 1203 incluso

149 1253 176 1293 v.
196 1231 383 1292 Gradenwilz
407 1233 438 1292 Z.
457 1233 484 1292 d.
504 1233 696 1312 Savigny·St.
719 1233 798 1308 XIV,
820 1235 891 1293 115.

239 1335 289 1398 17.
318 1333 355 1398 D.
376 1335 428 1415 34,
443 1337 472 1412 2,
488 1336 539 1418 34,
554 1337 583 1399 2.
615 1333 811 1418 Pomponius
835 1333 911 1398 ibid.
944 1333 1037 1410 Quod
1061 1333 1088 1397 si
1111 1335 1158 1397 ita

147 1424 289 1508 legasset
311 1423 403 1487 uxori
427 1423 552 1488 ‘aurum
579 1423 665 1508 quod
690 1425 758 1488 eius
782 1444 880 1488 causa
903 1425 1051 1506 paratum
1075 1421 1158 1507 erit,

147 1516 226 1577 tunc
342 1513 454 1576 scribit
481 1509 619 1587 Quintus
646 1512 787 1592 Mucius,
818 1515 854 1576 ut
885 1511 965 1576 haec
997 1511 1158 1594 scriptura

147 1601 268 1724 habelal
295 1603 327 1665 in
357 1622 390 1664 se
419 1607 451 1664 et
479 1601 787 1666 demonstrationem
810 1601 911 1685 legati
934 1603 966 1663 et
989 1619 1157 1684 argumen-

148 1693 218 1754 tum
237 1689 250 1776 l
275 1738 327 1756 ...
467 1775 523 1848 [Dc
541 1776 636 1831 domus
653 1791 707 1830 usu
723 1774 839 1846 relicto]

238 1877 287 1942 18.
313 1875 350 1940 D.
366 1879 394 1960 7,
409 1877 439 1960 8,
453 1877 474 1941 2
489 1883 522 1940 et
535 1877 566 1940 4.
599 1876 757 1960 Ulpianus
776 1875 859 1940 libro
879 1875 1017 1958 septimo
1033 1874 1157 1938 decimo

147 1964 187 2028 ad
212 1963 368 2030 Sabinum
392 1964 441 2050 (P.
460 1962 572 2052 2575).
618 1965 741 2030 Domus
769 1985 847 2028 usus
874 1963 1005 2028 relictus
1029 1966 1078 2026 est
1100 1968 1158 2028 sut

147 2054 265 2118 marito
290 2058 347 2118 aut
369 2054 496 2118 mulieri
594 2053 722 2126 mulieri
745 2055 854 2117 autem
878 2052 907 2115 ei
931 2073 1007 2116 usus
1025 2051 1156 2118 relictus

147 2143 198 2220 sit,
218 2163 313 2225 posse
333 2164 403 2207 eam
423 2148 546 2207 etcum
566 2142 682 2206 marito
701 2142 851 2206 habitare
871 2139 1010 2216 Quintus
1028 2138 1155 2205 Mucius

147 2231 269 2314 primus
289 2231 429 2315 admisit,
448 2254 488 2296 ne
508 2235 537 2296 ei
556 2231 764 2296 matrimonio
783 2230 956 2294 carendum
970 2229 1065 2312 foret,
1083 2250 1155 2292 cum

146 2319 194 2382 uti
222 2319 293 2384 vult
320 2321 424 2386 domo.
469 2343 544 2384 nam
572 2342 630 2405 per
658 2319 856 2384 contrarium
879 2317 956 2402 quia
978 2339 1059 2382 uxor
1082 2339 1155 2382 cum

146 2407 261 2473 marito
284 2410 388 2494 possit
411 2410 558 2474 habitare
581 2430 640 2474 nec
663 2408 726 2472 fuit
749 2407 941 2472 dubitatum.

555 2627 662 2686 Liber
688 2625 745 2688 ΠΙ.

554 2744 601 2802 Dc
626 2743 745 2816 ipatus

234 2859 351 2918 Mucius
378 2859 505 2917 fortasse
534 2858 625 2916 etiam
652 2857 707 2916 hoc
733 2856 808 2915 libro
832 2853 999 2932 delegatis
1022 2853 1155 2932 scripsit3

144 2965 213 3005 nam
238 2947 318 3025 quod
337 2945 484 3022 Ulpianus
508 2965 543 3006 ex
566 2945 695 3006 secundo
718 2947 837 3004 tantum
860 2943 937 3003 libro
956 2943 1096 3003 Muciana
1119 2943 1155 3002 de
1244 2983 1250 2996 .

144 3036 252 3111 legatis
285 3036 385 3111 affert,
416 3054 476 3095 non
507 3035 609 3112 magni
640 3033 779 3111 ponderis
812 3036 867 3094 est.
917 3033 1046 3092 secundo
1076 3031 1154 3090 libro

143 3123 278 3183 Mucium
310 3124 346 3182 de
378 3127 503 3201 argento
535 3125 615 3183 facto
649 3122 801 3198 scripsisse
832 3121 978 3182 traditum
1006 3125 1064 3197 est3
1095 3139 1155 3179 non

52 3258 54 3260 -
142 3213 217 3272 item
236 3232 293 3291 quo
312 3213 388 3274 libro
408 3213 444 3272 de
463 3231 537 3272 auro
556 3214 657 3287 legato
678 3211 884 3287 disputaverit.
923 3210 1104 3286 Pomponius
1122 3209 1155 3268 in

144 3305 276 3363 extremo
301 3303 429 3380 demum,
454 3302 486 3361 id
509 3308 555 3361 est
576 3301 654 3360 libro
677 3319 764 3379 nono,
787 3299 824 3358 de
847 3319 920 3360 auro
943 3299 1043 3376 legato
1067 3297 1153 3375 dicit3

144 3393 180 3452 de
208 3395 334 3468 argento
361 3393 462 3470 legato
489 3392 605 3450 nullam
627 3389 784 3466 Pomponii
807 3388 986 3449 sententiam
1010 3407 1046 3446 ex
1067 3385 1153 3448 libris

216 3549 230 3596 1
250 3546 280 3600 et
297 3543 518 3600 deminutionem
537 3541 625 3612 legati
644 3544 674 3597 et
693 3543 873 3611 augmentum
894 3539 1031 3596 sunam.
