2614 3914
411 206 436 257 5.
461 201 490 258 C.
506 201 708 258 TREBATIUS
727 202 843 259 TESTA
1067 205 1135 270 383

121 369 352 448 respondentem
375 369 462 448 facit,
485 371 565 448 apud
589 369 796 450 Octavianum,
820 373 845 432 si
866 372 1045 433 Triboniano
1069 391 1131 432 cre·

121 461 237 535 dimus,
268 459 415 518 maximae
448 460 638 520 auctoritatis
670 463 750 538 erat,
782 463 920 521 mortuus
952 465 1032 520 certe
1064 466 1134 537 post

122 569 148 609 a
169 550 306 628 736s18,
328 549 456 608 fortasse
479 550 575 609 multo
598 551 680 626 post:
702 569 772 608 uam
796 551 821 610 si
843 550 878 609 L.
895 549 1056 626 Lentulus,
1080 551 1132 627 qui

121 658 166 714 pr.
185 638 259 699 Inst.
280 639 312 714 2,
328 639 369 698 25
396 635 582 714 nominatur,
614 639 718 698 consul
746 639 816 698 anni
845 633 946 718 tarsa
975 638 1133 698 habendus

122 730 180 804 eat,
209 725 368 785 Trebatius
394 726 444 786 vel
470 725 553 786 ultra
579 727 636 786 hoc
662 729 782 804 tempus
804 728 889 789 vixit.
934 728 972 788 ci.
994 727 1132 787 Pernice:

120 814 221 875 Labeo
240 815 268 891 I,
284 817 334 874 21.

213 903 281 964 Non
316 903 404 964 modo
441 903 639 979 respondendi
674 923 797 964 munere
829 905 950 964 fimctus
984 909 1043 983 est,
1081 906 1133 964 sed

121 993 214 1053 etiam
238 987 430 1068 ‘complures’
458 993 552 1052 libros
579 993 707 1068 scripsit.
757 993 953 1071 Pomponius,
981 995 1032 1070 qui
1058 995 1131 1054 haec

121 1079 202 1158 §45
231 1081 339 1160 tradit,
367 1081 541 1141 Trebatium
574 1100 642 1141 cum
671 1083 751 1143 Aulo
779 1081 923 1142 Cascellio
956 1101 1133 1159 comparans

121 1170 284 1231 concludit:
314 1165 491 1230 ‘Trebatiuh
521 1171 647 1247 peritior
674 1169 831 1248 Cascellio,
863 1170 1026 1231 Cascellius
1059 1172 1130 1231 Tre·

121 1259 204 1318 batio
228 1259 416 1336 eloquentior
438 1260 529 1318 fuisse
552 1253 683 1320 dicitur'.

210 1348 295 1408 Inter
317 1349 469 1408 auditores
492 1348 613 1425 habuit,
636 1351 672 1408 ut
693 1347 826 1425 videtur,
849 1349 1005 1422 Blaesum,
1032 1349 1131 1409 virum

122 1441 255 1497 ceterum
273 1437 359 1497 nobis
372 1438 519 1515 ignotum,
537 1437 674 1513 inprimis
687 1455 759 1497 vero
772 1436 939 1498 Antistium
953 1437 1132 1514 Labeonem,

120 1527 221 1587 virum
258 1525 496 1601 celeberrimum,
537 1526 590 1602 qui
627 1519 800 1586 ‘institutus
837 1530 884 1587 est
919 1547 938 1587 a
973 1519 1133 1586 Trebatio'

120 1615 305 1691 Pomponius
323 1613 410 1690 §42
449 1617 553 1691 postea
570 1614 671 1674 Labeo
693 1615 743 1676 vel
765 1615 834 1677 vivo
853 1615 995 1676 Trebatio
1019 1619 1050 1674 et
1067 1616 1132 1691 ipse

121 1721 265 1780 response
292 1703 375 1764 dedit
402 1705 433 1763 et
459 1721 675 1780 nonnunquam
702 1703 780 1763 alter
806 1707 911 1764 contra
933 1705 1063 1764 alterum
1085 1723 1132 1763 re-

10 1841 11 1868 ,
122 1792 251 1868 spondit.
298 1790 373 1853 CelL
393 1795 422 1870 4,
441 1795 471 1870 2,
491 1795 523 1852 9:
552 1786 744 1851 ‘Trebatium
768 1796 873 1852 contra
894 1793 1063 1852 Labeonem
1085 1810 1132 1851 re·

122 1880 276 1958 spondisse
300 1875 423 1941 dicuut'.

213 2058 258 2118 De
281 2059 415 2119 Trebatii
437 2059 536 2119 indole
560 2063 591 2119 et
612 2059 732 2138 ingenio
755 2060 873 2120 Puchta
893 2058 1026 2119 Institl
1049 2056 1069 2134 ξ
1090 2062 1132 2120 97.

123 2147 224 2224 inique
255 2147 371 2208 iudicat
407 2141 497 2226 („den
528 2147 682 2208 Tindruclr
713 2149 958 2228 mittelmtssigcr
989 2147 1135 2226 geistiger

123 2235 229 2296 Krtfte
257 2237 436 2316 ampfangen
463 2238 519 2297 wir
547 2283 576 2298 ..
603 2239 696 2297 durch
723 2239 776 2298 das
804 2239 886 2316 Bild,
913 2237 1040 2298 welches
1069 2237 1133 2297 sich

124 2344 180 2385 aus
213 2323 331 2386 Ciceros
362 2326 484 2386 Briefen
520 2345 559 2386 an
591 2327 644 2384 ihn
676 2323 854 2406 darstellt“).
908 2327 1044 2404 Pernice,
1081 2326 1133 2402 qui

124 2409 239 2491 (Labeo
253 2413 277 2492 Ι,
291 2408 413 2496 18sqq.)
428 2414 628 2488 contradixit,
643 2414 740 2475 addit:
755 2416 813 2494 „Es
827 2415 1063 2490 istbedenklich,
1078 2433 1134 2474 aus

123 2503 181 2562 den
196 2504 406 2582 ahgeriesenen
418 2504 648 2582 Bemerkungen
661 2505 713 2562 des
727 2503 917 2580 Pomponius,
931 2505 987 2562 mit
1000 2504 1134 2562 welcben

124 2611 157 2652 er
181 2592 227 2652 die
248 2593 399 2652 einzelnen
416 2593 553 2652 Juristeu
571 2591 806 2668 charahterisirt,
830 2597 922 2651 etwas
941 2591 1077 2666 Sicheres
1096 2610 1134 2649 zu

124 2681 296 2742 schliessen.
341 2681 483 2741 Indessen
509 2682 621 2740 hbnnte
648 2681 704 2739 mit
727 2681 784 2739 den
807 2679 946 2740 Worten:
974 2679 1135 2739 Trebatius

122 2770 251 2848 peritior
269 2769 413 2830 Cascellio
436 2769 546 2845 genade
569 2769 625 2829 auf
640 2769 688 2828 die
706 2769 886 2846 umsiohtige
904 2767 1135 2846 Beherrschung

124 2857 176 2918 des
201 2859 414 2919 Rechtsstoffes
437 2859 500 2919 und
522 2859 579 2918 den
601 2858 794 2936 praktischen
817 2858 904 2917 Blick
925 2857 977 2917 des
1000 2861 1134 2916 ersteren

123 2949 320 3027 hingedeutet
344 2944 434 3008 sein.“

214 3037 358 3096 Veterum
386 3037 422 3096 de
449 3037 540 3097 furtis
568 3037 784 3098 controversias
808 3035 949 3096 Trebatio
974 3035 1025 3096 vix
1047 3038 1135 3094 notas

124 3126 218 3186 fuisse
252 3125 401 3186 Ciceronis
434 3126 565 3202 epistula
595 3126 649 3186 illa
682 3119 735 3206 (ad
766 3126 835 3184 fam.
856 3127 884 3201 7,
905 3116 961 3206 22)
995 3123 1133 3182 ostendit.

126 3216 253 3293 accedit,
284 3215 365 3292 quod
391 3217 422 3274 et
448 3215 523 3275 iuris
550 3217 697 3275 rationem
724 3231 937 3291 nonnunquam
964 3211 1134 3286 dereliquit.

126 3324 195 3364 nam
228 3323 347 3382 agrum,
379 3304 463 3363 cuius
496 3305 705 3364 commercium
731 3321 792 3361 uon
818 3301 924 3377 habes,
955 3299 1050 3376 legari
1077 3299 1134 3356 tibi

125 3411 213 3471 posse
242 3385 293 3475 (D.
312 3395 369 3468 31,
388 3394 444 3471 49,
460 3385 494 3474 2)
527 3396 559 3452 et
589 3393 681 3452 etiam
708 3389 872 3451 secundum
899 3390 963 3448 eius
990 3387 1135 3465 mulieriS,

126 3501 203 3557 quae
232 3501 262 3541 se
290 3483 388 3558 capite
417 3501 477 3541 non
502 3480 694 3559 deminuerit,
721 3479 842 3539 tabulas
865 3479 966 3536 datam
988 3477 1135 3536 bonorum

124 3571 342 3649 possessionem
375 3589 411 3630 ex
443 3569 539 3632 edicto
570 3569 670 3630 datam
697 3567 791 3630 uideri
818 3566 971 3644 respondit
999 3563 1072 3648 (Cic.
1096 3565 1134 3624 ad
