2600 3908
157 180 221 244 124
262 180 307 234 VI.
334 179 465 236 OOTAVI
484 180 581 235 SAEO.
601 179 697 235 IURIS
717 178 889 234 CONSULT.
909 177 1034 232 saclas
1053 179 1175 233 PRIMA

243 346 423 410 confercndi
455 351 526 410 sunt
552 348 789 408 Iustinianorum
821 347 970 408 librorum
995 347 1081 406 tituli
1108 367 1176 408 non

152 437 255 516 pauci,
292 437 429 513 inprimis
458 435 489 498 O.
515 440 543 516 1,
564 439 604 497 56
638 437 674 496 de
705 435 933 512 magistratibus
966 429 1173 515 (municipali-

132 517 238 606 ·bus);
272 525 308 586 D.
334 529 399 602 5,1
436 531 467 585 aa
495 525 527 586 c.
552 529 617 604 3,1
649 527 685 584 de
712 525 829 584 iudiciis
853 549 919 601 ···;
951 525 986 584 D.
1012 529 1100 602 11,7
1132 526 1174 584 de

155 606 257 696 (locis)
285 615 448 692 religiosis3
475 615 513 675 D.
533 617 561 690 2,
580 617 619 673 12
650 615 687 674 de
713 613 798 672 feriis
823 619 854 672 et
877 615 1002 675 diversis
1024 615 1175 690 tempori-

153 704 222 780 bus;
247 703 278 764 O.
300 707 361 782 1,1
388 704 423 764 de
436 717 565 762 'summa
586 703 734 764 trinitate.

478 908 516 968 II.
542 908 715 968 Tribuum
737 907 841 968 liber.

242 1033 348 1099 Varro
373 1035 394 1099 l.
417 1035 438 1100 l.
461 1034 491 1118 5,
512 1035 562 1100 56.
589 1071 627 1082 --
653 1033 745 1122 (ager
769 1035 933 1099 Romanum
956 1035 1098 1118 primum
1123 1033 1172 1097 di·

154 1124 243 1188 visus
279 1123 313 1187 in
347 1123 451 1207 partis
482 1123 544 1188 tris
560 1173 584 1204 Ἴ.
604 1173 612 1190 .
631 1120 654 1212 .)
686 1126 728 1188 ab
760 1123 823 1188 hoc
855 1126 1009 1208 quattuor
1041 1143 1173 1207 quoque

153 1213 257 1297 partis
289 1213 379 1276 urbis
411 1213 516 1277 tribus
549 1211 666 1296 dictae,
699 1213 741 1277 ab
769 1213 849 1277 locis
878 1209 1048 1276 Suburana
1075 1210 1171 1276 Pala·

153 1301 225 1365 tina
251 1299 424 1385 Esquilina
452 1299 593 1384 Collina3
622 1303 735 1386 quinta
762 1301 847 1385 quod
875 1301 934 1365 sub
958 1300 1076 1382 Roma,
1105 1299 1172 1365 Ro-

155 1391 255 1454 milia.
301 1389 348 1454 sic
375 1390 519 1475 reliquae
546 1391 685 1477 triginta
713 1391 753 1455 ab
779 1390 831 1455 his
854 1390 965 1469 rebus,
994 1389 1110 1474 quibus
1135 1391 1171 1452 in

154 1479 298 1543 tribuum
321 1479 405 1544 libro
430 1480 553 1564 scripsi.

244 1590 386 1650 Fortasse
401 1591 546 1669 reliquiae
563 1595 720 1652 servantur
730 1591 810 1668 apud
820 1591 952 1650 Festum.
979 1589 1012 1649 L.
1023 1546 1170 1648 Marcilin

155 1679 344 1757 quaestiones
364 1679 569 1740 Varronianae
589 1673 720 1762 (Dorpat
742 1673 842 1759 1852)
860 1699 888 1756 p.
909 1681 938 1738 b.
984 1678 1020 1738 cf.
1040 1678 1074 1736 E.
1094 1677 1168 1738 Bor-

155 1788 254 1848 mann,
272 1769 320 1828 dis
338 1770 448 1828 alteste
467 1768 651 1846 Gliederung
665 1770 763 1829 Roms.
796 1769 911 1828 Eranos
926 1766 1054 1828 Vindob.
1074 1769 1169 1828 1893.

463 1981 519 2043 III.
543 1983 732 2058 Augurum
754 1980 863 2040 libri?
1289 2043 1290 2058 .

243 2109 384 2174 Macrob.
413 2112 472 2173 eat.
499 2110 686 2194 1,16,19.
716 2145 755 2166 .—
785 2109 938 2176 vitabant
971 2111 1093 2172 veteres
1128 2107 1167 2172 ad
1288 2083 1290 2138 Ι

154 2197 242 2262 viros
271 2197 431 2262 vocandos
465 2200 563 2264 etiam
596 2197 678 2279 dies,
711 2198 767 2284 qui
800 2201 908 2261 essent
935 2197 1042 2262 notati
1069 2197 1166 2261 rebus
1288 2261 1290 2276 ,

155 2285 307 2368 adversis,
325 2287 474 2351 vitabant
496 2287 593 2350 etiam
612 2287 712 2370 feriis,
730 2287 814 2351 sicut
830 2285 936 2352 Varro
956 2287 988 2350 in
1007 2306 1166 2370 augurum
1289 2281 1290 2290 ’

154 2376 245 2438 libris
278 2375 392 2440 scribit
424 2377 458 2439 in
490 2376 570 2440 haec
602 2377 714 2440 verba:
745 2377 828 2441 ciros
854 2395 960 2440 uocare
989 2374 1079 2456 feriis
1106 2395 1170 2440 acra

154 2468 284 2546 oportet:
306 2466 336 2530 si
357 2466 485 2543 vocavit,
503 2465 665 2547 piaculum
687 2470 756 2530 asto.

243 2577 385 2637 Fortasse
423 2570 493 2656 ‘pro
536 2596 686 2655 augurum
724 2569 826 2635 libris'
863 2576 965 2651 potius
1002 2569 1167 2653 ‘augurum

153 2660 248 2725 libro'
281 2666 472 2728 scribendum
501 2670 559 2740 est,
592 2668 636 2726 ita
662 2669 698 2725 ut
724 2667 781 2726 hoo
808 2667 1010 2742 fragmentum
1037 2665 1167 2741 antiqui-

153 2758 251 2814 tatum
269 2756 355 2815 libris
374 2756 601 2815 attribuendum
620 2755 668 2814 sit.
712 2757 748 2814 cf.
768 2754 884 2813 Ritschl
903 2772 1003 2828 opusc.
1022 2753 1078 2832 ΙΙΙ,
1093 2755 1167 2814 480.
1289 2821 1290 2850 ἢ

346 2966 397 3026 IV.
425 2965 673 3046 Εἰσαγωγικὸς
696 2967 739 3025 ad
762 2936 976 3043 Pompeium.

244 3097 322 3160 Gall.
344 3101 394 3176 14,
411 3103 439 3175 7,
456 3102 483 3160 1.
521 3093 588 3160 ‘Gn
607 3099 749 3176 Pompeio
773 3100 945 3162 consulatus
967 3101 1082 3175 primus
1100 3119 1167 3160 cum

154 3188 194 3248 M.
223 3187 330 3250 Crasso
363 3187 537 3266 designatus
569 3192 624 3250 est.
674 3207 743 3248 eum
769 3189 982 3266 magistratum
1008 3189 1168 3265 Pompeius

90 3317 92 3321 -
154 3295 221 3337 cum
245 3277 376 3336 initurus
399 3278 486 3354 foret,
509 3278 651 3353 quoniam
672 3296 727 3354 per
748 3277 875 3336 militiae
893 3280 1029 3352 tempora
1047 3281 1168 3341 senatus

153 3367 284 3428 habendi
321 3366 566 3442 consulendique,
603 3387 704 3428 rerum
741 3384 844 3443 expers
881 3366 1065 3428 urbanarum
1101 3367 1167 3445 fuit,

152 3456 193 3516 M.
220 3457 387 3518 Varronem
423 3457 602 3516 familiarem
643 3475 731 3518 suum
767 3455 899 3534 rogavit,
939 3456 986 3514 uti
1022 3474 1165 3520 commen·

153 3547 264 3606 tarium
287 3548 402 3608 faceret
424 3541 644 3625 ‘isagogioumfi
668 3548 710 3607 sic
732 3546 811 3606 enim
829 3545 925 3604 Varro
943 3545 1007 3621 ipae
1027 3545 1167 3622 appellat,
