2602 3912
177 199 217 264 18
359 198 392 252 11.
418 197 523 253 SEXTI
543 195 696 251 seucum
715 195 811 251 Iulus
831 193 1011 251 CONSULTI

592 435 642 452 ...
661 389 771 450 libri?

265 509 447 587 Pomponius
478 505 559 584 §38
588 500 686 566 ‘ouius
714 509 745 564 et
771 504 841 564 libri
868 499 1012 567 exstant’.
1058 507 1094 567 de
1123 509 1191 586 agri

176 600 296 659 oultura
327 599 404 658 liber
437 591 520 678 (Keil
543 596 614 672 Lps.
640 588 738 672 1884)
771 612 794 654 o.
826 596 1007 656 144-149
1041 589 1189 658 formulas

175 689 357 750 locationum
381 689 412 748 et
438 686 623 763 emptionum
642 682 791 760 proponit,
810 701 884 760 quas
902 683 995 743 habes
1013 684 1045 744 in
1065 686 1189 746 Brunsii

175 777 307 838 fontium
335 777 391 836 iur.
415 776 470 836 eir.
495 775 538 834 ed.
559 773 602 832 VI
625 764 713 853 (oure
736 771 789 830 Th.
808 771 985 832 Mommseni
1008 777 1039 833 et
1058 771 1091 832 Ο.
1112 772 1188 835 Gra·

176 857 316 945 denuitz)
340 867 425 941 perte
449 862 608 940 posteriori
631 881 659 936 p.
678 862 819 922 49-53.
856 861 892 920 of.
917 861 946 922 J.
970 861 1088 922 Bekker
1111 863 1140 923 Z.
1166 865 1187 925 f.

175 955 237 1014 RG.
256 955 303 1014 ΙΙΙ
322 955 497 1014 416-445
523 937 632 1032 (libor
655 949 702 1008 die
726 949 808 1028 leges
831 949 987 1010 locationis
1012 950 1061 1010 bei
1084 945 1187 1033 Osto’)

175 1048 206 1104 ot
228 1044 399 1102 Boohmann
423 1040 529 1102 (ieseh.
549 1040 598 1098 des
621 1029 888 1119 Kaufs1(1876)
907 1059 937 1114 p.
957 1039 1140 1102 sao-539.

262 1131 404 1192 Fortasse
433 1131 524 1190 etiam
552 1122 725 1204 ‘praecepta
752 1126 790 1185 ad
817 1127 951 1186 Marcum
976 1122 1083 1188 filium'
1111 1129 1188 1190 iuris

173 1223 334 1298 praecepta
352 1219 553 1280 continebant.
590 1214 624 1276 Ο.
638 1216 719 1276 Jahn
738 1201 820 1275 iiber
838 1221 911 1275 rdm.
931 1217 1187 1294 linoylrlopttdien,

174 1309 243 1385 Lpz.
263 1309 331 1368 Ber.
352 1311 438 1369 1850
461 1327 489 1384 p.
510 1308 582 1367 263.
603 1307 676 1365 281.
717 1303 754 1363 Η.
773 1303 887 1364 Jordan
909 1305 929 1364 l.
948 1305 967 1364 l.
989 1326 1017 1381 p.
1037 1305 1140 1366 XCIX.

263 1395 498 1457 Commentarios
526 1413 596 1454 vero
624 1394 698 1453 iuris
726 1393 836 1471 civilis,
865 1412 940 1470 quos
968 1393 1045 1454 Post.
1068 1415 1096 1470 p.
1120 1397 1185 1457 157

175 1483 296 1546 Catonis
321 1486 412 1546 fuisse
434 1483 536 1562 tradit,
559 1502 619 1544 non
637 1483 716 1561 huie,
740 1481 792 1542 sed
810 1481 872 1542 filio
892 1482 1100 1544 attribuendos
1120 1503 1186 1546 esso

174 1593 279 1636 moneo
304 1579 408 1635 eontra
430 1575 581 1634 Joersium
603 1595 631 1646 p.
649 1573 722 1632 278.

598 1745 757 1754 ....-—-.-—

360 1876 399 1960 ὅ.
435 1882 474 1954 L.
503 1877 689 1952 ACILIUS
717 1878 777 1952 vel
804 1877 995 1953 ATILIUS

262 2025 322 2087 Cio.
341 2025 457 2086 Laelii
483 2017 610 2083 ‘soimus
633 2023 665 2083 L.
685 2022 816 2082 Acilium
839 2024 919 2100 apud
940 2028 1041 2101 patros
1065 2029 1185 2089 nostros

174 2115 359 2192 appellatum
383 2133 447 2174 esse
472 2112 652 2189 Sapientem,
677 2157 705 2172 ..
729 2111 800 2188 quia
822 2114 953 2190 prudens
976 2133 1041 2174 esse
1064 2115 1095 2174 in
1116 2117 1183 2178 iure

173 2203 254 2262 oivili
272 2195 458 2279 putabatur'.
491 2201 672 2277 Pomponius
693 2197 712 2275 ξ
729 2202 769 2261 38
785 2192 902 2261 ‘deinde
917 2193 1001 2284 (post
1015 2203 1182 2265 ’110011111-

173 2285 305 2370 canium)
325 2291 390 2350 Sex.
409 2291 513 2350 Aelius
533 2293 563 2349 et
586 2289 680 2348 frater
698 2289 772 2368 eius,
796 2289 828 2350 P.
847 2290 952 2351 Aelius
971 2295 1001 2351 et
1020 2291 1051 2353 P.
1059 2285 1102 2375 (1)
1116 2294 1182 2353 Ati·

172 2381 237 2440 lius·
250 2380 410 2439 maximam
428 2379 584 2439 seientiam
602 2379 634 2437 in
651 2377 817 2455 profitendo
837 2380 1016 2460 habuerunt,
1041 2423 1092 2443 ...
1114 2383 1182 2443 Ati·

172 2469 231 2529 lius
254 2473 356 2528 autem
379 2468 493 2545 primus
517 2486 534 2526 a
558 2468 668 2544 populo
692 2467 817 2544 Sapiens
840 2469 1011 2546 appellatus
1034 2463 1099 2530 est'.

424 2655 476 2716 Ad
499 2655 599 2733 leges
621 2655 689 2714 XII
712 2654 933 2716 tabularum.

262 2771 379 2831 Sohooll
402 2771 478 2849 legis
502 2771 657 2830 duodecim
679 2771 760 2830 tabb.
779 2771 924 2848 reliquiae
946 2791 976 2849 p.
997 2774 1025 2846 7,
1041 2772 1081 2832 25
1093 2790 1136 2850 sq.

528 2927 613 3007 [x,4
638 2931 673 2988 da
696 2927 823 3004 funere]

262 3038 371 3105 Cicero
405 3040 442 3104 de
475 3041 535 3122 leg.
564 3041 597 3120 2,
621 3039 673 3104 59.
708 3073 746 3085 -
780 3057 956 3106 numanae
990 3059 1104 3106 ausas
1134 3061 1181 3107 uu

171 3146 338 3194 1111111110
379 3146 469 3192 Nava
512 3145 644 3192 nussum
685 3145 832 3194 sossius
871 3146 964 3194 aueo
1002 3147 1178 3197 1111111110,

172 3219 233 3283 hoo
259 3223 384 3282 veteres
407 3218 611 3301 interpretes,
640 3215 709 3282 Sex.
735 3218 859 3302 Aelius,
886 3217 923 3282 L.
947 3219 1086 3304 Acilius,
1113 3243 1178 3284 non

172 3308 250 3372 satis
274 3328 308 3371 se
331 3307 517 3390 intellegere
541 3299 703 3389 dixerunt,
731 3307 787 3371 sed
811 3308 968 3391 suspicari
992 3311 1178 3374 vestimenti

172 3396 302 3481 aliquod
327 3416 427 3480 genus
451 3395 604 3460 funebris.

568 3576 779 3586 —0—-0---
