2600 3908
396 213 419 263 1.
443 209 479 262 M.
497 207 703 263 Translitis
723 209 847 263 VARRO
1064 208 1128 272 123

110 376 252 436 bellicam
285 375 500 453 disciplinam,
519 380 553 435 tu
582 377 682 436 sedem
709 377 880 455 regionum,
913 378 1061 454 locorum,
1093 381 1129 436 tu

112 465 246 524 omnium
271 463 440 524 divinarum
459 467 717 543 humanorumque
735 484 837 525 rerum
855 467 985 540 nomina,
1007 485 1127 543 genera,

111 555 223 630 officia,
248 571 354 613 causas
377 547 543 630 aperuisti'

349 747 372 807 I.
405 749 681 826 Antiquitatum
704 751 792 810 libri
814 749 892 811 XLI.

137 933 139 937 ,
200 873 364 952 Augustin.
388 874 424 933 de
447 875 503 934 civ.
527 874 575 932 dei
595 877 657 951 6,3
683 869 769 934 ‘XLI
791 874 884 934 libros
907 875 1028 951 scripsit
1050 875 1127 934 anti·

112 965 280 1041 quitatum3
309 962 362 1022 hos
390 963 422 1021 in
449 982 497 1022 res
526 964 672 1022 humanas
695 964 870 1040 divinasque
895 964 1010 1042 divisit,
1038 964 1127 1024 rebus

111 1052 254 1112 humanis
277 1051 370 1128 XXV,
402 1051 513 1112 divinis
539 1051 611 1111 XVI
637 1046 767 1112 tribuit'.
809 1053 880 1113 ibid.
901 1055 929 1129 6,
948 1055 978 1112 4.
1019 1047 1127 1113 ‘Varro

111 1145 276 1218 propterea
303 1159 334 1199 se
362 1141 446 1216 prius
473 1140 510 1200 de
539 1142 627 1200 rebus
653 1142 805 1218 humanis,
833 1142 869 1200 de
893 1142 1002 1202 divinis
1025 1147 1128 1202 autem

111 1235 218 1306 postea
241 1229 397 1304 scripsisse
420 1232 560 1306 testatur,
583 1229 662 1305 quod
684 1231 768 1304 prius
791 1231 961 1290 exstiterint
980 1231 1128 1310 ciuitates,

112 1319 221 1379 deinde
245 1319 282 1378 ab
307 1309 349 1378 eis
372 1337 421 1378 ros
445 1319 564 1378 divinae
588 1319 746 1378 institutae
770 1313 849 1379 sint'

288 1531 324 1590 A.
347 1531 477 1590 Rerum
500 1532 741 1590 humanarum·
756 1530 843 1589 libri
867 1531 957 1592 XXV.

203 1656 236 1714 P.
247 1656 359 1714 Mirsoh
373 1655 410 1714 de
425 1656 464 1714 M.
475 1656 508 1714 T.
518 1653 662 1714 Varronis
677 1655 894 1730 antiquItatum
907 1676 1009 1715 rerum
1022 1657 1126 1716 huma·

114 1765 222 1804 narum
245 1744 331 1803 libris
349 1743 446 1802 XXV:
470 1744 628 1822 Leipziger
653 1743 780 1803 Studien
798 1743 826 1800 V
849 1736 960 1824 (1882,
981 1739 1126 1826 1—144)

113 1835 261 1894 librorum
284 1833 418 1892 ordinem
442 1837 472 1892 et
493 1835 671 1911 argumenta
694 1833 817 1892 definire
840 1833 969 1907 studuit,
993 1833 1127 1894 sednon

114 1923 251 1982 feliciter.
275 1942 302 1981 v.
319 1919 353 2004 O
364 1921 498 1998 Gruppe:
513 1921 909 2000 Philolog.Wochenschrift
923 1922 977 1994 HI,
989 1925 1053 1982 464
1064 1941 1126 2000 sqq.

114 2013 148 2070 R.
177 2011 392 2071 Reitzenstein:
425 2011 550 2070 Hermes
582 2011 638 2069 XX
660 2033 689 2087 p.
714 2013 829 2071 51411.
855 2014 882 2070 1.
938 2030 974 2069 ea
1005 2015 1127 2071 tantum

114 2101 214 2160 indico
238 2119 314 2177 quse
338 2103 420 2158 certa
438 2102 518 2160 sunt.
554 2101 590 2159 cf.
610 2099 885 2160 Teuffel-Schwabe
909 2097 929 2176 ἕ
947 2103 1008 2160 166
1025 2121 1053 2160 n.
1069 2105 1126 2160 49.

204 2188 329 2248 LiberI
352 2189 534 2265 loquebatur
557 2189 754 2248 communiter
777 2189 813 2248 (19
837 2189 983 2268 omnibus,
1006 2190 1077 2248 libri
1095 2189 1127 2248 ΙΙ

114 2297 211 2356 usque
239 2278 278 2336 ad
304 2276 364 2336 VII
392 2276 428 2336 de
456 2277 640 2352 hominibus,
668 2278 739 2337 libri
767 2277 842 2336 VIII
868 2297 963 2354 usque
991 2279 1030 2338 ad
1052 2279 1128 2338 XIII

115 2367 151 2426 de
169 2366 253 2442 locis,
276 2366 347 2424 libri
365 2366 437 2424 XIV
454 2384 549 2442 usque
569 2366 607 2424 ad
625 2367 696 2424 XIX
715 2367 751 2426 de
770 2367 964 2443 temporibus,
984 2364 1054 2427 libri
1072 2368 1127 2426 XX

115 2475 212 2532 usque
235 2455 273 2514 ad
296 2455 379 2512 XXV
403 2454 439 2514 de
462 2455 562 2516 rebus.

166 2651 201 2710 B.
234 2649 364 2709 lterum
387 2651 589 2710 divinarum
612 2650 699 2708 libri
722 2649 795 2708 XVI
818 2650 860 2708 ad
884 2649 1073 2708 Caesarem

326 2740 539 2816 pontificem
562 2739 751 2798 maximum
772 2738 913 2814 scripti.

202 2864 386 2942 Fragmenta
418 2863 542 2942 collegit
570 2863 603 2923 R.
631 2863 747 2922 Merkel
779 2863 811 2921 in
839 2859 940 2922 Ovidii
967 2863 1127 2922 Fastorum

113 2953 244 3013 editione
269 2973 298 3029 p,
319 2951 394 3012 OVI.

202 3041 293 3101 Libro
314 3041 330 3100 I
353 3061 448 3100 sermo
472 3044 537 3101 erat
560 3041 595 3100 de
618 3041 709 3100 rebus
733 3041 842 3102 divinis
866 3042 1071 3114 communiter,
1096 3041 1127 3100 II

113 3133 149 3190 de
177 3131 381 3207 pontificibus,
408 3131 454 3188 ΙΙΙ
482 3131 517 3189 (19
546 3131 724 3208 auguribus,
755 3129 800 3188 IV
823 3130 859 3189 (19
882 3131 1127 3206 quindecimviris

113 3239 279 3295 sacrorum,
302 3218 330 3275 V
358 3219 393 3278 de
422 3219 552 3298 sacellis,
580 3219 624 3277 VI
652 3219 688 3277 de
720 3219 812 3278 sacris
841 3220 979 3295 aedibus,
1007 3218 1067 3276 VII
1090 3219 1126 3277 de

113 3309 187 3370 locis
216 3309 377 3386 religiosis,
404 3307 479 3366 VIII
507 3307 543 3367 de
571 3309 669 3380 feriis,
699 3308 741 3366 IX
770 3308 805 3367 de
834 3309 912 3366 ludis
935 3307 1127 3383 circensibus,

116 3399 142 3457 X
161 3398 198 3456 de
217 3397 296 3456 ludis
320 3397 452 3470 scenicis,
475 3397 519 3455 XI
540 3397 576 3456 (19
596 3396 878 3471 consecrationibus,
901 3395 959 3454 XII
979 3397 1014 3454 de
1034 3396 1127 3453 sacris

115 3486 250 3564 privatis,
273 3485 348 3543 XIII
371 3487 408 3545 de
431 3485 524 3545 sacris
547 3486 684 3563 publicIs,
707 3484 779 3542 XIV
803 3485 839 3542 de
863 3484 926 3542 deis
950 3484 1047 3558 certiS,
1071 3482 1127 3540 XV

115 3577 151 3636 (19
179 3575 243 3635 (1919
271 3575 406 3650 incertis,
435 3574 506 3634 XVI
535 3575 571 3634 de
599 3575 662 3634 deis
690 3573 857 3649 praepruIs
886 3577 976 3648 atque
1000 3572 1127 3631 selectis,
