2614 3914
37 3516 51 3550 Ι.

166 225 233 289 374
263 225 336 280 VIII.
351 224 485 280 OCTAVI
499 225 596 282 SAEO.
606 225 702 282 IURIS
718 222 890 280 CONSULT.
901 221 1026 278 sames
1041 221 1181 278 TERTIA

65 391 68 396 ’
165 391 290 472 noceat,
313 392 417 454 cessat
435 389 519 455 actio
537 389 611 472 ista,
635 388 689 474 agi
708 391 816 454 autem
834 387 882 452 ita
900 386 1021 472 poterit
1038 385 1090 451 ius
1108 407 1180 452 non

166 499 236 542 esse
264 478 430 544 stillicidia
456 478 590 542 flumina
617 478 802 542 immittere.
852 481 884 541 et
912 475 983 540 ideo
1006 474 1115 540 Labeo
1144 480 1181 540 et

165 564 342 631 Cascellius
365 568 455 632 aiunt
474 589 575 653 aquae
594 567 723 652 quidem
745 566 873 651 pluviae
897 563 1051 629 arcendae
1076 564 1181 629 actio-

164 676 238 720 nem
263 655 433 740 specialem
457 677 537 738 8888,
560 656 598 734 de
621 655 809 720 fluminibus
833 658 865 718 et
886 651 1059 718 stillicidiis
1080 674 1179 738 gene-

164 745 267 809 ralem
291 749 325 809 81
346 745 465 830 ubique
488 745 541 830 agi
565 766 603 809 ea
626 744 731 810 licere.

529 927 611 1003 (laod
632 930 662 987 oi
684 932 710 987 et
732 927 814 987 81818.

256 1037 305 1102 14.
329 1035 368 1101 D.
387 1037 439 1122 43,
457 1038 510 1120 24,
531 1040 558 1120 1,
573 1037 603 1102 5.
620 1038 648 1102 7.
690 1035 851 1121 Ulpianus
874 1035 958 1100 libro
982 1039 1179 1122 septuagen-

164 1125 248 1189 simo
267 1125 373 1210 primo
393 1126 433 1190 ad
452 1125 592 1190 edictum
609 1122 658 1213 (P.
675 1121 786 1214 1592).
819 1123 967 1208 (Praetor
985 1125 1044 1190 ait:
1068 1123 1178 1202 ‘Quod

164 1214 197 1278 vi
225 1219 281 1278 aut
309 1214 393 1278 olam
422 1213 544 1279 sactum
572 1219 634 1294 881,
668 1237 731 1299 qua
759 1215 797 1278 de
824 1236 859 1286 re
887 1214 1008 1298 agitur,
1041 1213 1074 1277 id
1102 1236 1178 1278 cum

164 1301 348 1386 experiendi
370 1307 516 1387 potestas
536 1307 593 1386 881,
617 1300 806 1389 restituas'.)
844 1302 919 1388 quid
939 1302 1034 1367 81111
1052 1301 1178 1367 factum

164 1392 215 1456 vel
239 1391 322 1455 clam
345 1391 467 1458 facturn
490 1392 663 1457 videamus.
709 1393 742 1457 vi
764 1391 887 1457 factum
910 1389 1012 1456 videri
1036 1389 1178 1467 Quintus
1287 1389 1289 1410 '

164 1478 291 1545 Mucius
320 1480 463 1566 scripsit,
491 1482 518 1546 si
628 1481 685 1546 sed
713 1485 746 1545 81
774 1481 802 1544 81
829 1484 942 1545 contra
964 1480 1178 1545 testationem

165 1569 507 1655 denuntiationemqua
545 1569 669 1656 fecerit,
705 1569 790 1634 idem
823 1591 893 1634 esse
926 1565 1104 1634 Cascellius
1144 1573 1179 1634 et

165 1657 336 1723 Trebatius
360 1663 485 1744 putant.

372 1835 423 1894 Aa
444 1837 627 1895 interdictam
649 1835 684 1893 dc
703 1834 811 1908 glande
833 1833 971 1908 legenda?

256 1942 306 2007 15.
329 1941 368 2008 D.
383 1943 435 2020 50,
457 1943 594 2026 16,158.
630 1940 742 2008 Celsus
761 1943 845 2007 libro
866 1942 1039 2007 vicensimo
1059 1941 1178 2026 quinto

164 2027 375 2116 Digestorum
398 2028 449 2118 (P.
463 2030 551 2119 215).
592 2031 631 2097 In
653 2053 714 2096 usu
736 2032 815 2096 iuris
837 2030 1022 2116 frequenter
1044 2030 1094 2095 uti
1117 2053 1179 2097 nos

165 2115 342 2183 Cascellius
361 2119 407 2184 ait
426 2120 583 2204 singulari
602 2121 826 2204 appellatione,
846 2142 918 2185 eum
936 2121 1029 2204 plura
1046 2122 1178 2204 generis

165 2207 308 2271 eiusdem
335 2208 518 2291 significare
541 2209 708 2274 vellemus:
736 2231 813 2273 nam
837 2207 1178 2274 ε1111111111111181111118111

165 2296 290 2358 venisse
308 2295 460 2360 Romam'
479 2302 512 2362 81
531 2297 663 2382 ‘piscem
683 2298 779 2363 vilem
798 2297 880 2363 esse'
900 2297 1043 2362 dicimus.
1082 2297 1177 2378 [item

165 2385 198 2448 in
219 2384 405 2468 stipulando
426 2382 484 2472 (sc.
498 2408 557 2470 pro
576 2387 693 2470 praede
712 2387 781 2451 11118
800 2391 833 2451 81
851 2382 1077 2472 vindiciarum)
1094 2389 1176 2452 satis

165 2471 322 2537 habemus
351 2474 390 2538 de
417 2474 533 2540 herede
562 2498 674 2540 cavere
702 2474 748 2539 ‘si
776 2497 814 2540 ea
840 2496 891 2540 res
920 2474 1093 2539 secundum
1123 2497 1177 2540 me

164 2561 355 2628 heredemve
383 2585 490 2629 meum
517 2564 658 2629 iudicata
691 2563 769 2629 erit'
793 2569 826 2630 81
857 2585 968 2628 rursus
999 2561 1100 2647 ‘quod
1133 2564 1177 2629 ob

164 2672 237 2715 eam
261 2674 328 2716 rem
352 2655 385 2716 18
408 2653 599 2719 heredemve
622 2653 740 2718 tuum’:
763 2675 878 2737 nempe
899 2673 999 2737 aeque
1018 2653 1045 2717 si
1063 2653 1176 2737 plures

164 2739 297 2805 heredes
321 2742 387 2805 sint
409 2744 614 2807 continentur
637 2742 871 2825 stipulatione]

254 2939 416 3018 Nonnulla,
435 2959 511 3018 quae
529 2941 587 3000 ioci
606 2959 698 3000 eausa
715 2940 904 3017 respondisse
919 2939 1083 3001 Cascellius
1103 2940 1177 3000 dici-

163 3032 229 3100 tur‚
253 3027 378 3104 subieci,
401 3028 471 3105 quia
493 3029 685 3107 aliquatenus
709 3030 747 3088 ad
769 3029 816 3088 ius
839 3029 999 3106 pertinent.

567 3207 614 3266 De
635 3210 774 3268 socictate.

257 3316 305 3381 16.
337 3316 477 3384 Macrob.
502 3321 564 3382 sat.
587 3318 618 3399 2,
637 3318 666 3397 6,
686 3319 715 3383 2.
759 3314 932 3383 Μ81881ο11
955 3365 998 3400 ..,
1025 3317 1178 3401 quemad-

164 3404 295 3470 modum
329 3429 401 3473 cum
433 3408 521 3473 socio
554 3407 663 3472 navim
696 3406 851 3473 divideret
882 3404 1097 3490 interroganti
1130 3427 1179 3470 re-

159 3494 332 3647 ,slpgpbdisse
355 3496 508 3562 traditur:
536 3497 656 3562 Naoim
677 3497 706 3562 si
728 3497 850 3580 divae,
872 3514 925 3560 aec
948 3498 982 3559 la
1003 3513 1056 3558 nec
1077 3495 1179 3559 socias

256 3604 291 3650 cs.
