2600 3908
144 197 208 262 102
240 197 290 253 rv.
305 195 451 252 sermm
466 194 565 254 senc.
575 196 672 252 rums
687 159 997 290 consumsimus
1011 195 1154 250 rursm

233 359 262 425 5.
292 359 356 426 cio.
376 359 414 424 de
433 359 517 426 offic.
536 361 565 444 3,
585 354 770 442 lutor-
789 359 826 436 Q.
850 359 978 444 quidem
1003 357 1157 424 Scaevola

140 449 288 533 pontifex
303 449 462 514 maximus
478 445 716 527 summaniu'im
732 449 860 514 dicebat
872 469 942 512 esse
957 447 991 511 in
1006 449 1156 514 omnibus

140 537 180 602 iis
205 537 356 622 arbitriis,
378 538 414 604 in
437 528 748 623 quibus'edderetur
771 559 809 600 ex
831 537 892 601 fide
911 537 997 602 bone
1015 537 1155 621 fideique

140 627 245 692 bonae
286 649 406 692 nomen
447 619 654 692 existimabat
696 647 826 690 manure
862 625 1021 690 latissime
1058 626 1155 710 idque

142 715 265 780 versari
283 713 317 780 in
335 716 456 798 tutelis,
472 704 696 798 dubietatibus,
715 715 850 797 fiduciis,
868 715 1039 798 mandetis,
1057 715 1153 780 rebus
1253 798 1256 803 .

144 805 261 888 emptis
280 793 612 888 venditis,3oo,‘ndirctis
631 803 756 886 locatis,
775 803 892 888 quibus
911 803 997 867 vitae
1016 804 1153 868 societas

140 893 381 974 contineretur..
409 887 515 956 in‘iris
535 891 646 977 magni
665 913 735 957 esse
754 891 867 956 iudicis
886 895 1039 976 statuere,
1061 915 1155 976 praee

141 983 252 1046 sertim
272 1003 344 1066 cum
366 981 416 1045 iir-
422 981 585 1066 plerisque
609 984 716 1045 essent
738 981 856 1046 iudicia
879 981 1052 1060 contraria,
1076 981 1153 1066 quid

140 1071 435 1154 quemqueg'ou'rique
459 1073 623 1152 praestare
648 1072 820 1154 oporteret.

229 1159 258 1223 6.
268 1148 368 1240 ,Μ
384 1158 414 1242 5,
435 1159 485 1224 10.
528 1157 725 1242 Pomponius
745 1159 829 1224 libro
848 1159 1027 1223 vicensimo
1046 1158 1151 1243 primo

140 1245 180 1310 ad
204 1244 241 1335 Q,
260 1241 400 1323 Mucium
423 1243 472 1334 (P.
492 1243 581 1333 278).
628 1247 656 1311 si
682 1247 815 1330 negotia
838 1247 983 1312 absentis
1006 1249 1039 1311 ct
1061 1247 1153 1332 igno-

140 1335 377 1422 rantis—'geras
400 1343 432 1400 et
455 1337 582 1420 culpam
606 1339 639 1400 et
662 1335 770 1400 dolum
792 1339 958 1420 praestare
981 1335 1085 1401 debes.

149 1428 314 1509 32-[ouae
346 1430 439 1490 verba
465 1429 557 1490 Mucii
588 1448 653 1490 esse
685 1429 807 1489 Pernico
840 1430 940 1490 Labeo
972 1430 1000 1505 I,
1024 1431 1089 1489 494
1122 1433 1154 1490 et

123 1515 183 1596 ¹11³,
213 1505 275 1578 302
308 1519 397 1596 vidit3
429 1538 498 1578 num
530 1538 591 1578 non
623 1519 719 1578 solum
747 1518 929 1595 Pomponius
957 1519 1053 1578 addit:
1087 1512 1153 1578 ‘sed

139 1607 286 1667 Proculus
309 1607 462 1668 interdum
485 1608 578 1667 etiem
600 1626 703 1667 casum
724 1611 878 1684 praestare
901 1602 1021 1667 debers'
1045 1610 1076 1666 ot
1099 1625 1151 1686 sq,

138 1696 191 1756 sed
223 1696 315 1756 etiam
341 1696 491 1773 Ulpianus
518 1697 554 1757 D.
577 1699 610 1773 3,
630 1698 663 1771 5,
684 1699 754 1774 3,9
784 1697 891 1756 tradit:
924 1691 1092 1756 ‘interdum
1119 1697 1151 1754 in

136 1785 329 1862 negotiorum
351 1788 506 1864 gestorum
529 1785 645 1845 actione
668 1785 768 1844 Labeo
793 1785 905 1861 scribit,
928 1785 1030 1844 dolum
1054 1785 1151 1844 solum

137 1874 226 1934 modo
249 1869 384 1936 versari'.

228 1959 270 2023 7?
298 1959 335 2022 D.
354 1959 409 2037 41,
428 1958 458 2038 1,
477 1957 529 2022 54.
566 1955 656 2020 Idem
677 1953 906 2043 (Pomponius)
926 1957 1010 2022 libro
1029 1957 1151 2042 trigen-

139 2046 221 2110 simo
242 2047 348 2130 primo
367 2047 409 2111 ad
428 2045 466 2121 Q.
485 2044 626 2110 Mucium
647 2041 697 2130 (P.
711 2041 800 2131 308).
832 2045 940 2111 Homo
959 2047 1043 2110 liber
1061 2045 1150 2110 here-

23 2191 25 2196 .
139 2134 275 2199 ditatom
297 2135 392 2200 nobis
417 2135 584 2218 adquirere
607 2155 673 2198 non
695 2139 814 2217 potest.

226 2226 318 2287 Lenel
350 2229 388 2287 ad
417 2227 617 2304 Pomponium
645 2229 708 2288 308
743 2229 816 2288 haec
844 2229 938 2290 verba
966 2228 1058 2288 Mucii
1086 2247 1149 2288 esse

137 2315 260 2393 conicit,
288 2335 468 2395 quamquem
495 2317 526 2375 in
551 2316 699 2376 Mucianis
726 2317 903 2393 fragmentis
934 2337 993 2377 non
1021 2317 1150 2378 exhibet.

226 2401 256 2465 8.
284 2400 455 2486 Augustin.
473 2401 512 2464 de
531 2401 616 2466 civit.
637 2401 688 2465 dei
703 2401 733 2486 4,
747 2401 799 2466 27.
821 2438 859 2448 —
880 2401 1019 2466 relatum
1042 2405 1092 2465 est
1114 2402 1149 2465 in

136 2489 272 2574 litteras,
296 2489 519 2555 doctissimum
542 2490 726 2574 pontificem
747 2488 935 2555 Scaevolam
959 2490 1150 2574 disputasse,

136 2578 200 2644 tria
228 2600 345 2664 genera
372 2579 493 2644 tradite
521 2579 667 2644 deorum:
697 2601 796 2644 unum
821 2603 840 2644 a
862 2579 981 2664 poetis,
1011 2579 1148 2643 alterum

139 2688 158 2730 a
176 2667 389 2753 philosophis,
408 2669 542 2734 tertium
561 2691 581 2732 a
599 2668 798 2754 principibus
819 2668 971 2734 civitatis.
1006 2667 1149 2751 primum

136 2775 238 2838 genus
265 2759 471 2842 nugatorium
496 2758 574 2822 dicit
597 2779 680 2842 esse,
709 2757 793 2842 quod
818 2758 920 2822 multe
942 2757 980 2820 dc
1004 2756 1065 2820 diis
1088 2756 1148 2820 fin-

136 2848 256 2926 gantur
285 2845 430 2931 indigna3
458 2845 631 2911 secundum
659 2867 725 2911 non
750 2866 928 2929 congruere
951 2845 1148 2928 civitatibus,

137 2932 222 3015 quod
245 2933 365 2997 habeat
387 2934 496 3016 aliqua
515 2955 723 3018 supervacua,
747 2935 811 2998 alia
829 2936 936 3020 etiam,
960 2955 1041 3019 quae
1061 2933 1149 2998 obsit

136 3021 265 3104 populis
289 3043 392 3087 nosse.
435 3022 475 3086 de
499 3024 706 3106 supervacuis
728 3045 796 3087 non
818 3045 940 3109 magna
962 3045 1061 3088 causa
1083 3026 1147 3087 est:

136 3108 221 3173 solet
239 3109 325 3174 enim
344 3112 378 3174 et
396 3133 415 3174 a
434 3109 514 3175 iuris
533 3111 648 3194 peritis
662 3111 726 3176 dici
741 3109 914 3196 ‘superflua
928 3134 995 3178 non
1007 3111 1148 3178 nocent'.

137 3218 219 3282 quae
247 3204 324 3263 sunt
351 3203 459 3264 autem
487 3199 559 3285 illa,
588 3221 670 3284 quae
696 3201 823 3284 prolata
847 3201 881 3264 in
906 3199 1148 3266 multitudinem

136 3287 276 3352 nocent?
311 3288 401 3366 haec,
425 3287 542 3372 inquit:
565 3309 630 3353 non
649 3311 719 3353 csse
739 3289 816 3354 deos
835 3289 1009 3356 Herculem
1028 3287 1148 3355 Aescu-

136 3375 261 3460 lapium
273 3375 443 3443 Castorem
452 3376 631 3460 Pollucem,
645 3377 794 3462 proditur
808 3381 893 3444 enim
908 3379 1050 3462 edoctis,
1060 3378 1147 3462 quod

137 3464 284 3532 homines
303 3465 425 3532 fuerint
442 3471 475 3531 et
492 3467 634 3532 humana
652 3467 840 3533 condicione
859 3467 1041 3532 defecerint.
1070 3467 1147 3550 quid

137 3555 247 3620 eliud?
288 3557 373 3641 quod
392 3579 502 3622 eorum
522 3557 576 3642 qui
596 3556 662 3621 sint
679 3556 732 3640 dii,
754 3579 819 3622 non
837 3557 980 3621 habeant
997 3556 1147 3620 civitates
