2614 3914
438 218 463 266 ὅ.
488 213 517 269 C.
532 213 737 269 TREBATIUS
756 213 873 268 TESTA
1097 214 1163 278 405

148 377 281 461 proprie
306 375 369 441 dioi
394 377 449 459 eit,
473 376 557 462 quod
581 399 619 441 ex
643 377 795 461 religioso
818 377 869 440 rel
893 398 984 442 saoro
1005 375 1039 440 in
1057 377 1161 442 homi-

147 487 228 530 num
251 487 346 530 usum
369 466 665 551 proprietatemque
688 487 878 530 conversum
901 471 960 530 est.

238 555 268 618 3.
300 553 443 619 Maerob.
462 559 521 619 set.
540 555 569 633 3,
588 553 617 635 5,
640 557 668 619 1.
718 552 798 620 Oum
824 603 853 618 ..
878 553 1048 619 Trebatius
1076 554 1160 619 libro

147 644 255 727 primo
284 642 323 707 de
350 643 562 728 religionibus
591 643 719 726 doceat,
741 643 922 707 hostiarum
949 663 1068 726 genera
1092 664 1160 708 esso

148 733 227 816 duo,
253 752 353 796 unum
380 733 415 796 in
442 754 506 816 quo
534 733 685 797 voluntas
710 731 761 797 dei
784 753 842 814 per
866 735 941 796 exte
964 731 1162 815 disquiritur,

58 828 61 836 '
149 822 290 886 alterum
307 821 348 898 in
372 843 435 906 quo
459 821 529 886 sole
552 822 661 886 anima
684 821 742 885 deo
767 824 927 906 sacratur,
954 820 1038 884 unde
1061 821 1160 884 etiam

148 909 338 994 haruspices
375 910 531 974 animales
567 909 626 974 has
663 909 787 974 hostias
824 913 954 991 vorant,
989 914 1160 994 utrumque

148 998 330 1064 hostiarum
355 1019 456 1084 genus
480 999 513 1062 in
537 999 678 1062 carmine
701 1005 759 1063 suo
778 996 944 1084 Vergilius
968 997 1116 1063 ostendit.

238 1088 269 1152 4.
300 1085 442 1152 Maorob.
470 1090 529 1151 sat.
556 1087 588 1168 1,
612 1088 668 1170 16,
690 1088 742 1152 28.
795 1086 966 1152 Trebatius
1002 1087 1038 1150 in
1076 1087 1160 1151 libro

148 1177 255 1260 primo
291 1176 486 1261 religionum
522 1176 582 1259 ait,
617 1176 770 1240 nundinis
803 1177 1034 1261 magistratum
1065 1197 1161 1260 posse

147 1265 377 1329 manumittere
400 1264 580 1348 iudiciaque
603 1265 757 1329 eddieere.

560 1491 679 1550 aruer
702 1492 739 1550 11.
784 1524 787 1530 ·
896 1454 898 1458 ’

240 1607 270 1674 5.
289 1608 372 1676 Gell.
383 1611 411 1690 ’1,
421 1611 472 1690 12,
483 1610 512 1674 5.
536 1609 708 1676 Trebatius
723 1661 747 1675 ..
762 1611 795 1674 in
805 1611 889 1675 libro
899 1611 937 1675 de
949 1611 1161 1695 religionibus

151 1700 303 1764 seeundo:
327 1698 481 1764 Sacellum
505 1705 556 1778 est,
579 1700 692 1783 inquit,
716 1701 798 1765 loeas
813 1720 934 1782 param
951 1701 1004 1764 deo
1022 1704 1162 1764 sacratas

149 1809 219 1854 aum
242 1809 309 1853 ara.
351 1787 464 1851 deinde
487 1789 577 1852 addit
595 1789 695 1852 verba
712 1789 806 1852 haee:
828 1790 973 1853 sacellum
991 1809 1029 1852 ea
1046 1789 1162 1853 duobus

149 1878 247 1943 uerbis
274 1877 409 1941 arbitror
436 1879 632 1962 compositam
659 1879 742 1942 saori
768 1883 796 1942 et
822 1878 924 1961 ceilae,
954 1879 1045 1959 quasi
1071 1897 1162 1942 saara

149 1967 233 2032 aelia.
279 1966 340 2030 hoo
363 1965 491 2048 quidem
515 1966 644 2050 scripsit
667 1966 846 2030 Trebatius.

120 2079 123 2086 ‘
240 2087 384 2145 Eiusdem
405 2086 475 2144 libri
496 2086 616 2147 videtur
635 2105 701 2145 esse
720 2087 922 2162 fragmentum
941 2087 1022 2163 quod
1040 2087 1162 2146 subieci.
1182 2109 1184 2114 ·

241 2206 270 2269 6.
299 2205 480 2288 Philargyr.
502 2205 541 2268 ad
560 2203 658 2290 Verg.
683 2205 799 2290 Georg.
818 2206 849 2290 2,
868 2205 941 2270 381.
982 2204 1165 2290 (Compita),

150 2298 189 2359 ut
214 2291 380 2358 Trebatio¹
402 2293 523 2377 placet,
552 2293 642 2358 loeus
667 2295 873 2378 expluribus
899 2295 1048 2379 partibus
1070 2295 1104 2358 in
1128 2317 1161 2358 se

151 2384 203 2447 vel
227 2383 261 2446 in
284 2383 412 2446 easdem
436 2387 544 2464 partes
568 2404 606 2445 ex
631 2405 665 2446 se
690 2383 742 2446 via
761 2390 856 2466 atque
877 2383 992 2447 itinere
1011 2383 1162 2468 dirigens,

151 2472 218 2536 sive
242 2472 270 2536 is
295 2493 367 2536 oum
391 2492 448 2534 are
470 2471 536 2534 sive
560 2471 627 2534 sine
652 2493 708 2534 ara
732 2471 797 2534 sive
822 2472 985 2536 subtecto
1009 2473 1078 2536 sive
1101 2473 1162 2536 sub

150 2561 225 2625 divo
249 2560 300 2641 sit,
322 2559 379 2624 ubi
402 2559 522 2642 pagani
546 2561 691 2643 agrestes
716 2559 850 2623 buooina
871 2561 1038 2624 convocati
1057 2561 1163 2624 solent

151 2653 240 2714 certa
260 2649 342 2712 inire
361 2649 504 2713 eoncilia.
533 2648 608 2712 bine
632 2653 664 2711 et
682 2649 765 2711 lares
786 2648 991 2732 compitalicii
1011 2653 1044 2711 et
1063 2649 1162 2712 feriae

150 2738 394 2822 compitalioiae.
1155 2733 1156 2740 '

560 2875 668 2934 Liber
691 2874 758 2934 VH.

243 2997 271 3061 7.
304 2993 392 3061 Serv.
416 2996 456 3060 ad
480 2997 560 3061 Aen.
581 2995 635 3078 11,
655 2995 729 3060 316.
842 2995 1017 3060 seeundum
1046 2994 1163 3059 Treba·

152 3085 249 3167 tium,
274 3086 328 3169 qui
352 3086 390 3148 de
413 3084 624 3170 religionibus
648 3083 733 3148 libro
758 3085 897 3168 septimo
922 3085 981 3148 aitz
1008 3085 1088 3148 Lari
1109 3085 1164 3166 qai

152 3178 225 3238 sarit
246 3175 281 3238 ia
303 3175 401 3256 apris,
424 3175 478 3255 qai
500 3170 645 3238 eaaoilio²
667 3174 749 3255 capti
771 3179 856 3257 sarit,
878 3173 933 3238 bos
956 3174 1038 3238 laaos
1060 3175 1163 3236 eadem

152 3263 339 3327 caerimonia
357 3283 497 3343 moreque
514 3263 655 3344 conquiri
660 3259 672 3297 ³
690 3261 852 3344 tabariam
867 3267 990 3348 oportet,
1007 3266 1042 3326 at
1054 3265 1163 3326 eeteros

152 3351 234 3416 lucos
256 3352 311 3433 qai
332 3352 367 3415 ia
390 3351 516 3433 antiquo
539 3371 614 3434 apro
635 3356 716 3416 sam.

226 3521 239 3570 1
264 3517 363 3573 omead.
385 3515 487 3571 Osarm
507 3517 565 3572 0001.
584 3515 693 3572 relatio.
775 3521 790 3569 2
812 3515 939 3572 Hasetlre
958 3516 1058 3571 0001011
1077 3532 1163 3583 quon·

152 3588 219 3642 dem
237 3587 321 3642 bello.
394 3593 410 3642 3
430 3585 543 3655 eoinqui
563 3589 596 3643 01.
611 3587 771 3643 Salmasius.
1127 3609 1129 3614 ·
