2614 3914
412 197 437 246 4.
465 189 583 246 aucus
603 189 819 248 anserinus
1055 193 1120 258 369
1201 183 1203 187 ’

198 359 341 437 Inprimis
368 359 566 436 respondendi
593 379 716 419 munere
742 361 864 419 functus
888 363 942 420 est.
987 381 1060 420 num
1083 361 1119 422 de

25 506 27 532 ,
112 449 174 510 iure
202 448 369 525 scripserit,
391 467 451 508 non
474 448 547 508 satis
571 451 697 508 constat.
734 448 915 525 Pomponius
938 447 958 524 ξ
981 451 1023 510 45
1047 451 1120 510 1666

25 533 26 542 ’
111 538 217 597 tradit:
242 531 393 596 ‘Cascellii
416 537 527 613 scripta
549 556 609 596 non
633 540 752 597 exstant
774 537 832 597 nisi
855 557 932 596 unus
950 539 1028 598 liber
1047 539 1120 598 bene

112 620 280 686 dictorum'.
317 625 348 684 in
365 626 525 685 Iustiniani
543 626 685 704 Digestis,
705 627 757 703 qni
776 625 956 685 Cascellium
973 646 1033 686 non
1051 647 1120 688 raro

111 716 250 791 laudant,
272 731 422 792 nusquam
445 709 621 790 ‘scripsisse'
644 715 761 774 dicitur.

200 802 339 862 Cascellii
363 803 527 862 sententiae
550 803 713 863 laudantur
731 803 868 879 inprimis
891 824 910 863 a
927 805 1066 864 Labeone
1089 805 1120 864 in

112 887 196 952 libris
221 892 437 969 posterioribus
466 911 484 951 a
505 892 646 952 Iauoleno
670 892 841 968 epitomatis
865 888 956 971 (libro
975 893 991 952 I
1012 893 1048 954 D.
1070 897 1121 972 28,

114 985 145 1058 6,
165 985 206 1042 39
222 1001 266 1056 pr.
287 977 306 1055 ᾖ
327 983 359 1056 2,
387 981 464 1040 libro
487 980 519 1039 II
546 981 582 1040 D.
603 983 659 1053 32,
680 982 719 1041 29
734 1001 792 1058 pr.;
826 983 881 1059 32,
902 985 966 1043 100
979 1002 1023 1058 pr.
1048 981 1067 1058 ξ
1089 986 1121 1060 1,

113 1073 162 1145 33,
182 1073 213 1146 4,
234 1072 263 1143 6,
284 1075 317 1148 1,
346 1071 397 1145 33,
417 1072 445 1146 6,
466 1074 557 1147 766,
588 1072 637 1147 33,
658 1073 687 1148 7,
706 1072 740 1146 4,
768 1072 819 1148 34,
839 1073 867 1144 2,
888 1073 939 1147 39,
960 1074 992 1148 1,
1022 1073 1121 1150 361,

112 1163 163 1237 40,
185 1163 218 1233 1,
241 1159 318 1218 libro
337 1157 384 1216 ΙΠ
406 1157 441 1218 D.
461 1161 512 1234 33,
534 1161 658 1236 10,10;
683 1159 760 1217 libro
779 1158 807 1215 V
831 1160 865 1218 D.
886 1161 936 1234 33,
957 1165 985 1234 7,
1005 1163 1056 1237 26,
1078 1153 1123 1242 1),

112 1267 128 1307 6
161 1247 249 1306 Celso
281 1247 314 1305 in
339 1247 534 1324 Digestorum
565 1247 650 1306 libris
677 1239 986 1329 (1).50,16,158)
1024 1254 1054 1308 61
1085 1250 1122 1308 ab

21 1351 22 1354 ’
112 1337 242 1412 Ulpiano
265 1335 351 1394 libris
374 1336 412 1394 ad
435 1336 566 1395 edictum
589 1336 737 1411 praetoris
761 1331 852 1414 (libro
871 1336 943 1396 LIII
965 1338 1001 1396 D.
1022 1340 1073 1413 39,
1093 1341 1122 1414 3,

114 1427 208 1498 1,17
243 1427 274 1484 61
304 1425 382 1484 11166
405 1425 501 1484 LXXI
527 1426 563 1484 D.
582 1426 639 1500 43,
659 1426 715 1502 24,
735 1427 767 1501 1,
788 1417 831 1504 7).
885 1425 959 1485 16616
992 1428 1123 1486 66666111

111 1513 257 1573 memoria
274 1513 323 1572 vel
342 1514 493 1572 Ammiani
510 1513 695 1590 temporibus
714 1505 781 1593 (30,
794 1515 823 1591 4,
838 1506 893 1592 11)
913 1515 951 1573 ab
970 1515 1121 1576 advocatis

111 1602 307 1664 retinebatur.
354 1602 489 1661 6116166
512 1623 540 1678 p.
561 1605 634 1662 392.

201 1689 341 1750 Cascellii
373 1693 537 1751 sententiae
569 1691 735 1766 probantur
768 1691 814 1750 vel
846 1691 1055 1767 improbantur
1084 1694 1122 1752 ab

112 1778 200 1840 Ofilio
225 1771 276 1857 (D.
292 1781 343 1858 35,
359 1783 388 1853 1,
402 1783 444 1840 40
469 1775 644 1840 ‘Cascellius
668 1779 768 1838 aiebat
790 1823 842 1838 ...
867 1777 974 1840 Ofilius
993 1774 1123 1863 negat'),

112 1889 131 1928 a
149 1866 291 1928 Labeone
310 1859 360 1950 (D.
377 1871 427 1944 32,
444 1872 507 1930 100
516 1889 560 1945 pr.
584 1862 757 1928 ‘Cascellius
781 1868 825 1927 ait
847 1869 949 1928 deberi
971 1888 1068 1946 neque
1092 1871 1123 1929 id

112 1958 212 2020 Labeo
231 1951 402 2033 improbat'.
435 1955 455 2032 ξ
472 1962 488 2018 1
511 1952 621 2017 ‘Labeo
636 1956 775 2016 Cascellii
794 1957 974 2017 sententiam
988 1953 1123 2034 'probat'.

112 2047 148 2106 D.
169 2049 220 2120 33,
241 2049 270 2120 6,
291 2048 308 2104 7
336 2039 452 2105 ‘Ofilius
476 2045 640 2107 Cascellius
664 2046 782 2106 Tubero
807 2050 999 2122 ...putant
1022 2047 1122 2108 Labeo

112 2136 143 2194 id
167 2129 296 2212 probat'.
337 2135 601 2212 1).33,3,1,17
626 2130 737 2194 ‘Labeo
761 2138 792 2194 et
815 2134 977 2195 Cascellius
1003 2129 1122 2214 aiunt'),

113 2244 131 2283 a
144 2225 286 2284 Iauoleno
302 2216 351 2304 (D.
367 2225 418 2296 28,
433 2227 462 2300 6,
478 2227 529 2300 39,
544 2227 562 2283 2
583 2218 703 2284 ‘Ofilius
718 2223 881 2284 Cascellius
895 2226 1123 2303 responderunt,

113 2333 242 2388 quorum
265 2313 413 2372 sententia
434 2331 506 2373 vera
529 2306 595 2374 est'.
632 2313 668 2373 D.
689 2314 741 2391 32,
762 2315 825 2374 100
848 2308 959 2373 ‘Labeo
984 2312 1124 2374 Cascellii

113 2401 295 2461 sententiam
317 2401 437 2478 probat,
465 2403 545 2478 quod
568 2419 672 2461 verum
694 2397 789 2478 puto’.
835 2402 870 2462 D.
891 2404 942 2480 33,
961 2405 983 2461 4·
1006 2396 1123 2462 ‘Ofilius

115 2490 279 2550 Cascellius
299 2536 323 2550 ..
343 2491 528 2549 rettulerunt
547 2535 598 2567 ...,
618 2491 697 2565 quod
716 2509 820 2548 verum
838 2484 904 2549 est'.
940 2491 977 2550 D.
993 2492 1044 2568 33,
1060 2495 1088 2567 6,
1105 2497 1121 2552 7

111 2573 234 2639 ‘Ofilius
263 2577 426 2638 Cascellius
454 2578 572 2636 Tubero
680 2580 802 2654 putant,
830 2578 930 2637 Labeo
957 2579 989 2637 id
1017 2581 1124 2654 probat

113 2668 203 2744 idque
235 2686 340 2727 verum
372 2661 441 2726 est'.
492 2667 526 2725 D.
548 2668 601 2738 32,
623 2669 718 2742 2966.
751 2660 930 2726 ‘Cascellius
964 2667 1122 2727 Trebatius

113 2759 228 2834 negant
245 2797 253 2814 .
269 2802 275 2814 .
290 2802 298 2817 .
316 2755 417 2816 Labeo
440 2755 472 2814 id
494 2768 553 2814 non
575 2755 692 2832 probat,
715 2754 862 2815 Labeonis
884 2755 1033 2814 sententia
1052 2775 1123 2815 vera

116 2839 181 2904 e'st'.
214 2845 250 2903 D.
266 2846 316 2919 33,
329 2847 388 2921 7,4
407 2839 517 2903 ‘Labeo
533 2843 693 2903 Trebatius
712 2890 719 2903 .
735 2885 742 2902 .
761 2847 871 2920 putant
889 2891 895 2903 .
911 2889 941 2905 ..
961 2842 1124 2904 Cascellius

116 2936 229 2994 contra.
265 2933 412 2992 Labeonis
436 2933 614 2992 sententIam
637 2925 753 3008 probo'.
791 2933 824 2992 D.
845 2935 935 3012 35,1,
954 2935 1034 3010 40,1
1057 2928 1124 2994 ‘Ca-

116 3023 236 3082 scellius
255 3021 355 3081 aiebat
374 3066 434 3099 ...,
458 3019 564 3082 Ofilius
582 3025 674 3100 negat
693 3068 699 3081 .
715 3069 721 3082 .
737 3067 744 3082 .
762 3022 843 3082 idem
859 3021 955 3082 Cinna
972 3023 1076 3082 scribit
1096 3069 1125 3083 ..

116 3115 147 3170 et
168 3111 225 3170 hoc
247 3111 344 3189 magis
369 3129 473 3171 verum
495 3103 612 3192 puto'),
639 3111 677 3170 ab
699 3111 829 3186 Ulpiano
853 3111 901 3190 (D.
923 3114 973 3184 33,
994 3113 1123 3188 24,1,7

116 3194 293 3259 ‘Cascellius
317 3202 348 3258 61
371 3199 530 3258 Trebatius
552 3202 675 3276 putant,
698 3200 777 3275 quod
799 3219 904 3260 verum
928 3193 1008 3276 est’).

207 3288 265 3359 Qui
289 3287 425 3348 Cascellii
452 3289 615 3348 sententias
643 3307 712 3347 cum
736 3291 905 3347 ceterorum
928 3289 992 3346 eius
1015 3289 1124 3347 aetatis

116 3377 409 3454 iurisconsultorum,
445 3377 580 3452 inprimis
618 3395 685 3436 cum
723 3376 858 3437 Trebatii
893 3377 1015 3452 Testae,
1052 3376 1125 3436 Auli

116 3464 210 3539 Ofilii,
242 3466 422 3544 Tuberonis,
450 3465 597 3525 Labeonis
626 3465 782 3524 sententiis
810 3465 1042 3542 comparaverit,
1074 3484 1125 3525 eas

117 3556 294 3633 plerumque
313 3553 488 3632 consentire,
507 3554 539 3613 in
556 3554 659 3632 paucis
678 3557 799 3614 tantum
812 3553 969 3614 dissentire
983 3554 1124 3616 inveniet.

170 3665 266 3714 Iurispr.
280 3666 398 3708 antehadr.
411 3664 461 3706 rell.
475 3664 509 3706 ed.
523 3664 622 3704 Bremer.
879 3659 913 3707 24
