2602 3912
208 177 251 242 46
288 177 335 234 Ν.
359 176 505 234 SEPTIMI
520 175 617 232 SAEC.
632 175 728 233 mals
744 175 916 232 CONSULT.
932 175 1058 232 SERIES
1072 177 1225 234 ALTERA

286 409 327 492 5.
362 415 401 486 L.
429 413 637 488 LICINIUS
665 414 704 489 L.
731 414 769 489 F.
798 413 834 486 C.
862 414 907 485 N.
936 413 1140 487 CRASSUS

294 564 384 620 natus
405 553 554 638 614s140,
570 553 708 637 6367118
729 557 874 617 coloniam
895 557 1066 617 Narbonem
1086 557 1223 639 deduxit,

206 667 264 709 eos.
285 643 412 728 adeles,
436 666 540 707 censor
564 649 691 725 662s92,
714 647 841 706 decessit
865 640 991 725 tessal.

295 737 388 798 Caelii
410 736 580 812 Antipatris
603 733 709 815 (supra
730 734 781 807 IV,
802 726 836 816 2)
860 735 988 814 auditor,
1014 737 1116 795 orator
1140 737 1220 812 opti·

204 845 283 904 mue,
308 821 524 903 ‘eloquentium
546 823 621 884 iuris
644 815 856 900 peritissimus'
881 815 980 905 (Brut.
997 815 1085 906 145).
1127 823 1218 884 Pom-

203 915 311 991 ponius
334 912 354 990 ξ
373 917 416 974 40
439 907 544 972 ‘etiam
563 911 669 972 Sextus
687 911 848 988 Pompeius
870 913 930 972 fuit
953 911 1056 972 eodem
1078 915 1216 990 tempore

204 1008 235 1062 et
267 1003 387 1062 Caelius
414 1001 576 1077 Antipater
701 1001 793 1060 etiam
818 999 931 1061 Lucius
964 999 1088 1060 Crassus
1120 1002 1217 1063 frater

203 1091 304 1150 Publii
326 1091 433 1168 Mucii,
460 1090 513 1166 qui
534 1084 710 1149 Μιιοίιιιιιι1
734 1089 830 1149 dietus
854 1093 913 1150 est:
941 1091 1020 1149 huno
1043 1089 1147 1150 Cicero
1172 1093 1218 1151 ait

203 1181 278 1240 iuris
307 1180 514 1240 consultorum
536 1173 786 1238 disertissimum’.
834 1179 870 1238 of.
893 1179 952 1256 III,
973 1181 991 1238 9
1016 1177 1058 1252 (Ρ.
1080 1179 1219 1240 Licinius

203 1268 329 1329 Crassus
353 1269 445 1329 Dives
469 1260 651 1346 Mucianus).

292 1357 327 1416 In
356 1356 466 1417 celebri
494 1375 584 1416 eausa
604 1356 735 1416 Curiana
757 1375 834 1416 anno
859 1357 1000 1434 661s93,
1028 1359 1064 1414 ut
1086 1356 1219 1434 videtur,

203 1449 348 1523 patronus
372 1446 514 1506 adversus
538 1445 572 1515 Q.
595 1445 728 1505 Mucium
751 1445 835 1522 dixit,
859 1445 977 1521 quade
1001 1463 1093 1504 eausa
1115 1464 1219 1522 pauca

204 1536 252 1594 hio
274 1530 435 1613 proferam.

290 1624 330 1684 M.
345 1621 494 1701 Coponius
514 1623 637 1701 quidam
654 1622 750 1681 filium
767 1624 941 1698 postumum
960 1641 1046 1699 quem
1065 1623 1217 1703 sperabat,

201 1713 341 1774 heredem
363 1713 497 1773 instituit
514 1716 553 1786 et,
577 1711 603 1772 si
621 1711 780 1771 institutus
799 1713 962 1788 antequam
980 1711 1012 1769 in
1032 1729 1117 1770 suam
1132 1714 1216 1772 tute-

201 1802 262 1862 lam
285 1803 415 1880 veniret,
438 1804 574 1861 mortuus
598 1802 691 1877 esset,
714 1799 762 1858 M'
787 1797 909 1858 Curium
932 1799 1099 1858 substituit.
1146 1819 1215 1860 oum

200 1891 279 1951 filius
302 1895 393 1952 natus
414 1909 475 1950 non
498 1891 585 1965 esset,
608 1887 688 1947 inter
711 1885 836 1964 Coponii
858 1887 1010 1964 legitimos
1034 1888 1157 1948 heredes
1182 1893 1215 1949 et

199 1979 248 2038 M!
270 1979 394 2040 Curium
422 1978 458 2038 de
481 1977 648 2037 hereditate
671 1976 709 2036 lis
733 1979 800 2036 orta
823 1975 861 2036 ad
884 1977 1086 2037 centumviros
1109 1977 1215 2038 delata

201 2072 259 2146 est,
287 2067 367 2144 apud
394 2085 469 2144 quos
493 2065 525 2135 Q.
544 2065 662 2125 Mueius
685 2056 754 2147 (IV,
773 2059 806 2145 7)
830 2065 1035 2143 legitimorum
1057 2065 1214 2145 heredum,

201 2155 326 2216 Crassus
350 2155 507 2215 substituti
530 2171 651 2214 oausam
673 2153 816 2216 defendit.
885 2211 887 2214 .

290 2242 391 2304 Cicero
408 2261 463 2319 pro
482 2241 609 2303 Caecina
629 2244 680 2322 34,
696 2246 735 2304 69
757 2237 794 2302 ³..
809 2241 933 2302 Crassus
951 2262 1011 2303 non
1029 2243 1073 2303 ita
1089 2263 1215 2307 oausam

201 2331 281 2408 apud
304 2331 505 2393 centumviros
529 2331 605 2410 egit,
630 2335 666 2392 ut
688 2334 792 2392 eontra
814 2331 889 2391 iuris
913 2332 1065 2392 consultos
1088 2332 1212 2410 diceret,

201 2422 252 2482 sed
275 2424 311 2481 ut
332 2423 389 2482 hoe
412 2422 543 2497 doceret,
567 2421 643 2479 illud
668 2421 747 2498 quod
770 2421 914 2481 Scaevola
936 2420 1127 2500 defendebat,
1150 2441 1213 2482 non

200 2528 263 2571 esse
291 2511 380 2588 iuris,
408 2513 438 2570 et
465 2510 497 2569 in
524 2529 590 2570 eam
618 2529 682 2568 rem
708 2528 767 2569 uon
795 2509 892 2570 solum
920 2509 1052 2569 rationes
1079 2511 1211 2590 afferret,

200 2600 251 2660 sed
283 2599 375 2661 etiam
402 2597 437 2670 Q.
459 2599 572 2679 Mucio,
605 2617 706 2659 socero
739 2617 793 2658 suo
825 2597 988 2675 multisque
1017 2598 1211 2675 peritissimis

198 2689 368 2750 homiuibus
409 2688 581 2749 auctoribus
617 2681 775 2748 uteretur?
834 2687 870 2746 de
903 2689 977 2746 orat.
1008 2689 1040 2766 1,
1064 2690 1120 2766 39,
1146 2691 1212 2749 180

201 2772 243 2838 ‘..
265 2798 357 2854 quum
381 2824 410 2837 ..
434 2795 489 2856 ego
513 2777 711 2854 defenderem,
735 2776 791 2835 hae
814 2794 883 2835 eum
905 2777 1005 2834 mente
1027 2776 1133 2852 fuisse,
1157 2779 1212 2854 qui

197 2867 411 2925 testamentum
434 2867 567 2944 ferisset,
589 2869 624 2924 ut
647 2865 674 2924 si
695 2863 776 2924 filius
798 2883 859 2924 non
882 2867 969 2942 esset,
994 2864 1046 2942 qui
1068 2864 1101 2924 in
1123 2883 1212 2925 suam

197 2957 247 3013 tut
234 2953 325 3014 telam
348 2953 473 3033 veniret,
451 2955 543 3015 tJM
563 2952 670 3013 Curius
694 2946 901 3012 essetheres’
942 2952 979 3012 de
1002 2956 1208 3030 orat1‚243
1285 3009 1286 3012 ,

199 3036 291 3102 .et
308 3041 496 3119 politissimis
514 3041 632 3102 facetiis
649 3040 808 3120 pellexisti,
827 3059 919 3117 quum
937 3044 968 3100 et
986 3040 1110 3100 illud
1081 3043 1211 3103 mmium
1283 3075 1285 3104 ι

198 3149 323 3191 aeumeu
348 3131 492 3191 illuderes
518 3133 550 3190 et
572 3130 783 3190 admirarere
775 3130 929 3208 ingenium
952 3129 1127 3208 Scaevolae,
1154 3133 1211 3210 qui
1283 3141 1285 3198 l

198 3219 412 3298 excogitasset,
440 3220 522 3280 nasei
543 3220 628 3296 prius
652 3221 789 3296 oportere
812 3237 902 3296 quam
925 3219 1018 3278 emori
1023 3239 1209 3298 ,quumque
1283 3211 1285 3297 l

198 3311 295 3369 multa
318 3309 475 3388 colligeres
499 3313 530 3369 et
552 3328 588 3368 ex
610 3308 729 3386 legibus
753 3310 785 3368 et
808 3325 843 3366 ex
867 3310 988 3367 senatus
1011 3309 1156 3369 consultis
1176 3313 1209 3370 et
1282 3299 1284 3380 Ι

198 3419 234 3458 ex
261 3399 325 3460 vita
352 3417 387 3458 ao
415 3417 550 3458 sermone
573 3391 743 3459 eommuni'
787 3396 933 3456 Brutos
958 3391 1002 3458 ²..
1026 3395 1152 3458 Crassus
1176 3442 1207 3458 ..

269 3555 283 3604 1
308 3549 355 3606 Fr.
374 3549 530 3606 Munianus.
