2602 3912
296 207 319 256 7.
344 200 375 266 Q.
395 199 529 256 MUOIUS
549 202 579 257 P.
598 201 627 257 F.
647 202 676 256 P.
695 201 730 258 N.
750 202 940 258 SCAEVOLA
1078 201 1121 269 55

200 369 382 430 Triboniano
405 369 565 445 primarius
585 369 791 430 Mucianamm
814 371 1027 431 sententiarum
1051 374 1118 434 fons

108 462 173 521 sine
193 459 283 518 dubio
299 457 381 518 Sexti
395 458 552 534 Pomponii
567 458 638 517 libri
653 460 691 518 ad
705 458 738 529 Q.
753 461 886 519 Mucium
901 465 994 520 erant.
1027 463 1047 520 J
1049 463 1121 522 usti-

109 551 228 626 ninnus,
252 566 320 608 cum
343 547 469 624 Digesta
492 565 546 606 sua
569 565 744 624 componere
770 549 919 627 iussisset,
947 550 979 609 id
1001 570 1119 628 quoque

22 631 23 706 l
110 638 211 699 doceri
240 635 352 712 voluit,
384 629 502 712 ‘legum
528 637 681 695 tramitem
710 638 747 697 ab
774 638 849 696 urbe
876 639 972 698 Roma
999 639 1120 700 condita

22 721 24 734 ¹
111 733 141 788 et
164 725 318 786 Romuleis
345 725 530 801 temporibus
554 720 751 786 descendere'.
797 727 899 804 itaque
923 730 953 787 et
976 727 1009 798 Q.
1029 729 1121 788 Mucii

110 815 285 876 memoriam
315 832 369 873 suo
397 832 479 873 more
505 833 650 874 renovare
677 815 784 874 voluit.
833 817 890 876 hoc
918 817 1119 878 Tribonianus

110 907 153 966 ita
184 905 306 965 videtur
337 903 454 976 fecisse,
488 905 521 961 ut
553 902 708 978 Pomponii
741 905 779 964 ad
811 903 844 974 Q.
872 905 1006 965 Mucium
1037 906 1118 966 dicta

111 994 260 1072 quaedam
281 993 325 1051 ita
348 993 489 1069 mutaret,
512 992 599 1068 quasi
617 993 798 1068 Pomponius
818 992 851 1064 Q.
868 993 999 1053 Mucium
1018 995 1118 1072 ipsum

111 1084 284 1159 loquentem
320 1079 543 1140 introduxisset.
598 1084 731 1140 ceterum
763 1086 793 1142 et
825 1083 916 1142 Mucii
948 1103 1056 1144 nomen
1087 1085 1119 1143 in

22 1181 23 1186 ’
111 1176 248 1233 veterum
279 1169 364 1230 libris
396 1187 483 1245 saepe
516 1169 626 1229 delevit
653 1173 685 1230 et
711 1171 867 1248 Pomponii
893 1173 1053 1250 praecipue
1082 1174 1121 1233 ad

22 1267 23 1342 t
112 1261 247 1320 Mucium
270 1259 351 1317 dicta
373 1258 537 1318 exornavit.

22 1349 23 1366 *
200 1349 289 1425 Itque
317 1365 391 1424 qnae
415 1345 518 1406 Cicero
541 1346 637 1406 Varro
662 1347 776 1408 Gellius
805 1349 840 1408 de
863 1349 961 1409 Mucio
987 1350 1120 1429 tradunt,

112 1438 168 1497 fide
201 1436 339 1514 digniora
366 1437 436 1494 aunt
463 1455 553 1510 quam
579 1436 773 1514 Digestorum
799 1439 980 1516 fragmenta,
1013 1439 1120 1514 quibus

113 1547 170 1586 non
202 1525 262 1584 nisi
294 1524 430 1584 cautione
463 1524 598 1584 adhibita
628 1526 731 1584 utaris.
783 1527 862 1602 quod
895 1528 933 1585 ad
963 1547 1121 1586 numerum

113 1617 352 1692 fragmentorum
380 1633 398 1672 a
424 1613 497 1672 iuris
525 1613 669 1673 consultis
698 1614 824 1692 singulis
849 1615 880 1672 in
904 1615 1037 1691 Digestis
1061 1635 1121 1675 ser-

113 1710 264 1779 vatorum,
295 1704 426 1778 primum
458 1702 557 1780 locum
583 1701 742 1778 Pomponii
769 1703 807 1761 ad
835 1701 867 1772 Q.
890 1703 1023 1762 Mucium
1050 1705 1122 1764 libri

112 1795 261 1870 obtinent,
294 1791 346 1868 qui
376 1809 436 1850 non
467 1791 566 1850 minus
594 1810 685 1868 quam
713 1792 924 1868 septemdecim
950 1793 1121 1870 fragmenta

113 1883 257 1958 afferunt,
295 1879 456 1940 secundum
492 1880 590 1939 locum
626 1881 748 1956 Ulpiani
784 1881 869 1958 libri,
906 1881 959 1958 qui
995 1881 1122 1940 sedecim

111 1972 281 2050 fragmenta
309 1969 434 2047 habent,
466 1987 595 2045 quorum
623 1970 761 2028 undecim
788 1969 873 2029 libris
901 1971 940 2029 ad
967 1969 1121 2048 Sabinum,

113 2062 244 2138 quinque
277 2057 315 2118 ad
345 2057 476 2116 edictum
503 2057 587 2117 libris
616 2059 774 2134 debentur,
806 2059 929 2118 tertium
958 2057 1062 2118 Celsus
1090 2063 1122 2118 et

112 2149 238 2225 Paulus,
260 2166 329 2206 oum
351 2146 433 2206 illius
455 2146 650 2222 Digestorum
673 2150 703 2206 ot
725 2148 814 2206 huius
838 2149 875 2206 ad
899 2147 1030 2207 edictum
1052 2149 1122 2207 libri

112 2243 157 2298 ter
180 2239 351 2314 fragmenta
374 2235 554 2294 contineant.
600 2236 681 2310 libri,
706 2237 758 2312 qui
780 2237 934 2296 Mucianus
958 2239 1122 2297 sententias

113 2327 282 2403 proferunt,
314 2325 477 2384 secundum
509 2328 687 2402 argumenta
719 2325 845 2402 denique
878 2326 1016 2402 dispositi
1042 2327 1122 2386 hunc

114 2416 247 2476 ordinem
260 2415 385 2473 habent:
400 2413 531 2488 primum
544 2413 643 2473 locum
658 2413 793 2473 obtinent
806 2415 876 2473 libri
891 2415 929 2473 ad
939 2412 972 2484 Q.
980 2415 1121 2491 Mucium,

113 2504 275 2565 secundum
302 2502 341 2561 ad
364 2500 507 2560 Sabinum
535 2502 618 2574 libri,
646 2503 771 2562 tertium
798 2503 837 2561 ad
862 2503 1006 2580 edictum,
1035 2523 1122 2580 quar-

113 2597 178 2652 tum
210 2592 407 2669 Digestorum
437 2590 519 2667 libri,
554 2591 697 2650 ultimum
730 2589 959 2666 Quaestionum,
992 2592 1123 2667 Respon-

115 2701 228 2756 sorum,
261 2678 488 2756 Definitionum,
517 2679 701 2754 Regularum
728 2681 806 2738 libri.
856 2679 999 2739 maiorem
1026 2681 1122 2739 totius

114 2769 230 2830 numeri
252 2770 370 2844 partem
394 2767 432 2826 ad
449 2767 582 2826 Mucium
605 2770 636 2826 et
658 2768 697 2826 ad
716 2768 858 2828 Sabinum
882 2767 1009 2844 scriptos
1028 2769 1121 2830 libros

115 2859 266 2920 continere
289 2859 423 2932 apparot.

201 2946 281 3006 Iuris
303 2939 442 3020 consulti,
466 2963 593 3020 quorum
612 2945 777 3004 sententiae
799 2946 829 3004 in
847 2945 982 3024 Digestis
1002 2949 1122 3024 saepius

114 3035 235 3113 quidem
266 3033 457 3110 adlegantur,
491 3033 543 3092 sed
570 3034 622 3110 qni
647 3052 800 3114 'nusquam
827 3035 961 3095 Mucium
987 3037 1122 3115 laudant,

115 3128 184 3184 sunt
207 3125 270 3182 fere
293 3121 420 3182 Alfenus
443 3122 555 3197 Varus,
583 3121 715 3196 Cassius,
738 3123 898 3201 Proculus,
921 3125 1045 3198 Pedius,
1069 3126 1123 3184 Pe-

115 3231 213 3293 gasus,
238 3211 418 3286 Octauenus,
442 3211 588 3287 Plautina,
612 3212 812 3290 Florentinus,
831 3213 1002 3291 Marcellus,
1021 3214 1122 3274 Cervi-

116 3304 181 3363 dius
201 3300 354 3377 Scaevola,
377 3298 577 3359 Callistratus
618 3301 698 3376 quod
717 3301 809 3361 Mucii
831 3321 939 3361 nomen
962 3303 993 3360 in
1015 3304 1123 3361 horum

116 3392 200 3452 libris
223 3392 352 3466 tacetur,
375 3389 486 3464 partim
510 3407 545 3448 eo
569 3389 742 3464 explicatur,
767 3390 847 3467 quod
869 3390 1069 3450 Tribunianus
1091 3391 1124 3448 iu

116 3477 365 3540 transscribendis
384 3477 560 3556 fragmentis
579 3478 672 3537 Mucii
691 3497 798 3537 nomen
818 3479 915 3537 delere
934 3479 1032 3553 iussit,
1055 3497 1121 3554 par·

116 3569 171 3629 tim
198 3587 245 3646 eo,
274 3566 355 3645 quod
382 3566 413 3626 in
441 3566 525 3626 libris
554 3566 593 3625 ad
616 3566 747 3625 edictum
770 3567 839 3624 ante
863 3565 966 3624 Severi
989 3569 1124 3642 tempora
