2614 3914
429 187 454 235 3.
479 181 511 246 Q.
525 179 656 236 AELIUS
676 180 822 236 TUBERO
1065 180 1128 246 361

25 333 26 364 l
117 367 192 410 rum
216 343 245 408 si
269 365 315 423 ea,
340 343 378 408 de
402 344 517 428 quibus
541 366 605 409 non
625 343 851 429 ambigeretur,
874 343 952 427 quin
970 344 1005 407 in
1024 343 1130 409 alieno

121 453 239 517 genere
258 436 375 517 essent,
392 439 430 498 ut
447 439 526 517 puta
545 434 702 498 escarium
717 435 888 517 argentum
903 435 960 498 aut
973 431 1131 516 paenulas

120 527 153 586 et
179 526 278 606 togas
306 522 500 606 supellectili
527 523 598 607 quis
625 522 805 586 adscribere
833 521 949 586 solitus
978 522 1034 599 sit,
1065 543 1131 585 non

25 679 26 690 ,
119 611 240 676 ideireo
269 611 446 676 existimari
471 615 619 694 oportere
643 609 835 695 supellectili
858 610 969 694 legata
992 632 1031 673 ea
1053 630 1130 692 quo-

25 707 26 712 ’
121 721 183 784 que
210 698 382 784 contineri,
404 720 470 764 non
490 699 576 764 enim
595 720 634 764 ex
653 699 859 783 opinionibus
877 698 1051 780 hominum,
1075 698 1131 762 sed

25 849 27 864 ,
121 809 160 852 ex
183 787 347 853 communi
370 810 430 852 usu
452 789 586 853 nomina
609 789 753 853 exaudiri
777 787 900 853 debere.
945 787 978 850 id
1002 786 1131 852 Tubero

25 935 26 954 ,
120 897 236 960 parum
264 875 327 940 sibi
349 877 470 960 liquere
495 877 554 940 ait:
582 898 659 942 uum
680 897 826 960 quorsum
848 876 990 953 uomina,
1017 875 1131 961 inquit,

25 1015 26 1026 2
120 966 185 1030 uisi
207 969 244 1030 ut
260 966 504 1030 demonstrarent
523 966 708 1031 uoluntatem
730 965 879 1031 dicentis?
915 965 1051 1046 equidem
1069 985 1132 1030 uou

121 1054 259 1118 arbitror
280 1075 462 1136 quenquam
484 1056 590 1136 dicere,
612 1055 693 1137 quod
711 1075 775 1120 uou
792 1055 923 1132 emtiret,
946 1059 981 1118 ut
997 1055 1132 1118 mouime

25 1165 26 1170 ¹
121 1145 246 1208 uomiue
281 1145 355 1208 usus
390 1144 444 1227 su,
480 1164 540 1225 quo
571 1145 607 1209 u
636 1144 790 1226 appellum
820 1145 909 1219 solet;
946 1162 1022 1208 uum
1052 1143 1132 1207 uocis

25 1251 26 1254 ’
122 1233 295 1296 me'mbterle
312 1233 439 1298 utimur.
470 1236 600 1297 ceterum
617 1253 705 1298 uemo
718 1233 941 1298 eemttmuudus
954 1236 998 1296 eet
1011 1232 1133 1312 dixisse,

122 1323 206 1402 quod
226 1341 290 1386 mou
311 1327 409 1386 mente
432 1323 600 1404 apltaoere‘t.

476 1456 478 1459 Ι
507 1495 551 1551 De
569 1511 639 1551 curo
657 1497 751 1565 deputo.

25 1671 26 1674 ,
211 1607 240 1670 4.
270 1605 309 1669 D.
328 1606 380 1688 34,
399 1607 429 1686 2,
449 1605 505 1690 32,
527 1608 554 1669 1.
595 1604 715 1669 Paulus
743 1605 827 1669 libro
851 1605 990 1670 seeundo
1013 1605 1052 1669 ed
1076 1604 1134 1669 Vi·

122 1693 247 1758 tellium
283 1692 335 1778 (P.
361 1690 491 1779 romb).
546 1693 635 1758 Auro
671 1693 759 1758 facto
796 1693 1049 1758 adnumerantur

124 1781 251 1847 Tubero
280 1788 402 1866 autem,
430 1782 515 1867 quod
543 1785 682 1847 testator
709 1782 779 1846 auri
801 1804 935 1847 numero
958 1783 1134 1866 habuisset,

124 1873 267 1956 legatum
296 1871 405 1936 deberi
433 1873 492 1937 ait:
521 1871 666 1955 alioquin
689 1875 804 1936 aurata
826 1875 860 1936 et
881 1871 1006 1936 inclusa
1029 1870 1134 1936 vasis¹

125 1961 258 2026 alterius
282 1961 437 2025 materiae
461 1961 532 2025 auri
554 1981 688 2025 numero
711 1981 777 2024 non
798 1960 957 2024 habenda.

456 2125 500 2180 De
517 2127 612 2182 domus
630 2143 684 2182 usu
700 2126 801 2182 relicto.

214 2235 243 2301 5.
271 2233 312 2300 D.
326 2235 360 2320 9,
380 2237 414 2315 8,
432 2237 466 2317 2,
489 2239 515 2299 1.
559 2235 717 2320 Ulpianus
739 2236 824 2301 libro
849 2235 985 2319 septimo
1010 2236 1134 2302 decimo

125 2325 164 2390 ad
189 2323 346 2389 Sabinum
369 2321 419 2411 (P.
437 2323 550 2405 2575).
595 2323 719 2388 Domus
744 2346 821 2389 usus
845 2325 976 2390 relictus
1000 2328 1049 2389 est
1078 2331 1136 2390 aut

125 2413 241 2478 merito
274 2417 332 2478 aut
363 2412 504 2477 mulieri:
538 2412 566 2476 si
594 2413 727 2495 marito,
752 2417 863 2497 potest
891 2414 958 2478 illio
985 2413 1135 2480 habitare

124 2525 189 2568 non
214 2503 311 2584 solus,
333 2524 442 2566 verum
465 2523 538 2566 eum
556 2499 680 2565 familia
701 2522 826 2584 quoque
846 2523 912 2566 sua.
951 2523 990 2565 an
1011 2508 1044 2565 et
1062 2525 1135 2566 eum

124 2591 265 2674 libertis,
292 2591 354 2655 fuit
382 2589 593 2674 quaestionis,
626 2594 658 2653 et
686 2585 798 2652 Celsus
829 2589 971 2672 scripsit,
1002 2595 1035 2654 et
1062 2612 1135 2654 eum

124 2679 265 2764 libertis,
300 2701 395 2763 posse
431 2678 594 2762 hospitem
631 2699 757 2762 quoque
791 2677 945 2761 recipere,
981 2700 1057 2742 nam
1088 2680 1136 2743 ita

127 2769 210 2833 libro
240 2773 353 2833 octavo
382 2765 505 2832 decimo
528 2765 739 2848 Digestorum
768 2766 912 2851 scripsit,
940 2788 1035 2852 quam
1064 2789 1136 2832 sen-

124 2858 262 2922 tentiam
286 2861 318 2920 et
340 2855 466 2920 Tubero
489 2855 617 2940 probat.

513 3021 557 3078 De
574 3023 635 3078 dete
653 3023 749 3093 lupata.

216 3131 246 3196 6.
273 3129 313 3194 Ι).
333 3131 390 3213 32,
407 3131 460 3196 43.
497 3127 611 3196 Celsus
639 3131 724 3196 libro
755 3131 867 3214 quinto
892 3131 1015 3196 decimo
1038 3130 1134 3214 Dige-

128 3224 250 3286 storum
284 3215 333 3306 (P.
359 3216 462 3306 llssb).
518 3219 552 3285 Si
587 3219 673 3284 filiae
705 3223 798 3304 pater
830 3220 937 3284 dotem
974 3221 1135 3284 arbitratu

127 3312 270 3374 tutorum
295 3308 364 3372 dari
387 3308 544 3394 iussisset,
566 3307 693 3373 Tubero
717 3307 849 3392 perinde
870 3306 933 3373 hoe
951 3306 1135 3373 habendum

128 3399 172 3462 ait
196 3419 233 3462 ae
257 3397 285 3461 si
308 3395 370 3461 viri
393 3397 471 3461 boni
494 3398 654 3462 arbitratu
676 3397 820 3481 legatum
845 3396 895 3462 sit

198 3559 213 3608 1
233 3554 282 3609 Fl.
300 3569 374 3610 vasa.
