2614 3914
417 213 442 266 δ.
466 206 494 264 0.
510 207 713 265 TREBATIUS
732 208 847 264 TESTA
1072 211 1137 274 379

8 377 10 396 l
124 371 251 438 vinciae
274 393 378 456 neque
402 371 516 437 aetatis
545 372 650 456 magis
678 371 829 437 idoneum
856 375 997 458 tempus,
1025 372 1053 436 si
1075 372 1137 437 hoc

124 461 287 544 amiseris,
314 464 347 525 te
375 481 445 524 esse
472 461 574 525 ullum
602 482 754 546 umquem
782 465 992 545 reperturum.
1042 460 1138 546 ‘hoc',

125 548 396 634 quemadmodum
422 571 481 614 vos
508 549 648 614 scribere
676 549 789 614 soletis
821 550 857 614 in
887 549 1003 615 vestris
1035 549 1137 632 libris,

123 638 224 703 ‘idem
248 639 283 714 Q.
308 635 458 703 Cornelio
481 637 670 703 videbatur?
720 638 754 702 in
777 637 980 704 Britanniam
1003 641 1036 702 te
1062 660 1136 723 pro-

8 789 9 792 ,
124 727 247 793 fectum
284 745 350 792 non
387 747 457 791 esse
493 726 617 812 gaudeo
735 727 792 792 ubi
828 727 871 792 sis
908 727 1136 792 hibernaturus
1222 717 1241 764 .·

8 869 10 886 t
123 821 158 880 et
186 836 251 900 qna
279 837 335 900 spe
363 819 419 880 aut
446 815 645 901 condicione,
673 815 855 900 perscribas
884 817 923 881 ad
952 838 1003 880 me
1031 816 1136 884 velim.

122 901 294 992 (V11,17)
909 968 911 973 ,

8 1069 9 1076 ,
217 1013 245 1076 7.
267 1010 311 1076 Μ.
322 1007 433 1075 Cicero
452 1032 476 1075 s.
487 1009 516 1075 d.
527 1009 688 1076 Trebatio.
702 1021 740 1058 ’-
802 1009 1137 1096 quodtinBritannia

8 1097 9 1100 '
124 1123 190 1166 non
213 1100 311 1165 nimis
334 1101 523 1182 φιλοθέωρον
546 1103 579 1163 te
601 1099 795 1183 praebuisti,
824 1100 919 1183 plane
942 1122 1009 1165 non
1032 1121 1137 1184 repre-

124 1190 243 1274 hendo,
265 1211 351 1254 nunc
373 1210 449 1253 vero
473 1193 508 1252 in
530 1188 673 1252 hibernis
692 1187 831 1253 intectus
851 1188 932 1253 mihi
949 1189 1138 1255 videris...

124 1278 203 1364 quid
236 1278 342 1362 agatis
375 1281 409 1342 ct
440 1277 553 1361 ecquid
585 1277 620 1341 in
650 1275 780 1342 ltaliam
811 1277 936 1342 venturi
970 1277 1040 1342 sitis
1072 1277 1135 1343 hac

125 1368 245 1450 hieme,
272 1366 324 1430 fac
351 1366 448 1450 plane
472 1366 580 1430 sciam.
626 1363 750 1430 Balbus
773 1365 855 1430 mihi
877 1365 1082 1431 confirmavit
1103 1371 1135 1430 te

121 1455 260 1520 divitem
292 1454 444 1519 futurum.
499 1455 531 1518 id
563 1457 671 1519 utrum
703 1453 851 1518 Romano
885 1477 973 1520 more
1006 1455 1135 1520 locutus

125 1545 183 1628 sit,
210 1544 292 1608 bene
314 1542 517 1608 nummatum
541 1546 574 1606 te
597 1542 758 1624 futurum,
782 1565 824 1606 an
848 1543 1009 1628 quomodo
1033 1542 1134 1610 Stoici
1266 1586 1268 1592 ‚

122 1633 248 1712 dicunt,
281 1653 394 1697 omnes
426 1653 496 1696 esse
528 1630 656 1716 divites,
688 1631 743 1714 qui
775 1631 865 1696 caelo
899 1633 931 1696 et
957 1636 1045 1696 terra
1072 1632 1136 1696 frui

123 1721 265 1807 possint,
302 1723 416 1805 postea
447 1720 564 1784 videbo
680 1723 809 1784 constat
841 1767 875 1784 ..
903 1721 987 1785 inter
1024 1742 1135 1786 omncs

28 1813 31 1820 ’
124 1811 286 1876 neminem
312 1815 345 1874 te
374 1831 439 1874 uno
468 1805 713 1874 Samarobrivae
740 1809 820 1873 iuris
843 1807 1031 1892 peritiorem
1054 1831 1134 1874 csse.

122 1897 213 1987 (VII,
234 1896 289 1985 16)

215 2007 245 2072 8.
273 2003 386 2071 Oiccro
411 2026 435 2068 s.
453 2005 482 2069 d.
502 2003 665 2070 Trebatio.
679 2039 723 2051 -
737 2001 817 2089 Legi
836 2006 909 2068 tuas
932 2004 1070 2089 litteras
1095 2027 1134 2070 ex

124 2095 242 2180 quibus
275 2093 420 2158 intellexi
452 2098 485 2157 te
513 2091 645 2158 Caesari
674 2099 785 2158 nostro
816 2092 908 2157 valde
939 2093 1136 2158 iureconsul-

122 2188 195 2248 tum
223 2183 324 2248 videri
423 2181 516 2246 valde
543 2186 665 2265 metuo,
697 2203 738 2246 ne
769 2181 889 2266 frigeas
917 2183 950 2246 in
978 2181 1135 2266 hibernis,

125 2271 336 2358 quamobrem
364 2271 489 2335 camino
518 2270 682 2335 luculento
711 2270 865 2334 utendum
892 2293 1020 2336 censeo:
1050 2271 1136 2336 idem

120 2361 233 2428 Mucio
250 2364 283 2424 et
298 2359 433 2424 Manilio
449 2359 600 2442 placebat
697 2363 734 2422 tu
757 2359 792 2423 in
815 2381 849 2422 re
873 2359 1008 2424 militari
1031 2360 1135 2425 multo

123 2473 160 2515 es
180 2449 304 2514 cautior
318 2470 414 2532 quam
428 2449 463 2512 in
478 2447 754 2525 advocationibus,
768 2446 938 2530 quinoque
953 2449 986 2512 in
1006 2447 1134 2514 Oceano

123 2543 239 2604 natare
266 2538 417 2620 volueris,
445 2535 700 2600 studiosissimus
728 2535 825 2599 homo
853 2536 1002 2614 natandi,
1031 2559 1135 2621 neque

126 2631 272 2711 spectare
297 2625 474 2690 essedarios
572 2619 664 2709 (VII,
685 2619 752 2710 10>

542 2816 719 2902 amm&

215 2945 245 3010 9.
274 2943 386 3010 Cicero
410 2943 571 3008 Trebatio.
587 2981 629 2990 —
648 2940 722 3008 Nisi
746 2945 820 3008 ante
843 2941 949 3008 Roma
972 2945 1135 3028 proiectus

122 3056 223 3118 esses,
245 3055 330 3098 nunc
354 3055 425 3098 cem
448 3041 532 3097 certe
556 3033 763 3116 relinqueres.
811 3033 882 3116 quis
906 3033 991 3098 enim
1014 3038 1066 3099 tot
1088 3037 1136 3098 in·

125 3123 286 3208 terragnis
305 3123 556 3186 iureconsultum
577 3120 760 3186 desiderat?
792 3142 853 3206 ego
873 3121 1032 3206 omnibus,
1051 3123 1135 3187 unde

126 3213 265 3295 petitur,
297 3211 359 3276 hoc
386 3210 513 3275 consilii
541 3210 696 3294 dederim,
723 3212 761 3273 nt
791 3231 810 3274 a
837 3210 973 3296 singulis
1001 3211 1135 3286 interro-

106 3301 223 3385 .gibus
269 3301 365 3364 binas
411 3298 637 3364 advocationes
682 3299 861 3381 postulent:
908 3299 1028 3363 satisne
1073 3299 1135 3364 tibi

127 3389 238 3455 videor
262 3389 319 3452 abs
342 3391 374 3451 te
397 3387 446 3452 ius
470 3387 564 3452 civile
588 3386 759 3452 didicisse?
861 3387 987 3452 consuli
1006 3387 1135 3471 quidem

120 3479 160 3541 te
194 3499 213 3542 a
245 3475 383 3542 (laesere
411 3476 524 3541 scribis
641 3476 668 3540 si
701 3474 821 3540 diutius
850 3475 971 3540 frustra
1008 3475 1137 3560 afueris,

120 3588 193 3631 ,non
217 3566 312 3631 modo
335 3563 518 3649 Laberium,
542 3565 597 3628 sed
620 3565 718 3628 etiam
743 3563 886 3632 sodalem
904 3568 1053 3630 nostrum
1072 3563 1138 3631 Va·
1258 3571 1272 3575 “
1296 3573 1298 3575 ’
