2614 3914
178 211 245 275 414
277 212 349 267 VIII.
366 211 500 268 OCTAVI
514 211 613 268 SAEG.
623 211 719 267 IURJS
735 211 907 267 CONSULT.
919 211 1043 267 SERIES
1058 211 1194 268 TERTIA

178 375 264 440 dotis
286 375 454 459 persoluta
476 380 571 460 pater
593 376 782 440 decesserat.
822 375 980 458 reliquam
1003 380 1143 462 partem,
1166 378 1196 442 si

177 485 238 529 neo
252 464 400 550 delegata
414 485 473 528 nec
486 464 648 549 promissa
663 463 816 545 [novandi
830 463 952 544 animo]
966 465 1053 546 patri
1068 466 1196 544 fuisset,

177 553 306 618 mulieri
329 553 414 618 solvi
438 553 551 617 debere
575 553 682 617 Labeo
707 552 881 617 Trebatius
903 557 1030 636 putant.

366 736 413 794 De
435 737 587 794 donatione
608 738 683 794 inter
704 738 801 794 uirum
824 740 849 794 et
870 752 998 794 namen.

266 847 318 910 27.
340 846 380 910 D.
393 847 447 928 41,
461 847 490 926 6,
504 847 535 912 3.
561 845 759 928 Pomponius
777 845 861 909 libro
875 846 1193 930 vigensimo'quarto

176 935 216 1000 ad
240 935 397 1012 Quintum
419 933 562 998 Mucium
585 932 635 1020 (P.
654 934 744 1018 290).
785 931 821 997 Si
848 934 898 998 vir
920 936 1012 998 uxori
1035 936 1087 999 vel
1109 957 1193 1000 uxor

176 1025 246 1088 viro
270 1023 449 1102 donaverit,
473 1023 501 1086 si
525 1023 706 1087 alienares
729 1023 850 1087 donata
868 1023 974 1106 fuerit,
998 1024 1191 1088 ...Treba-

176 1114 241 1176 tius
265 1114 411 1196 putabat,
436 1111 478 1191 [si
500 1111 676 1195 pauperior
697 1111 724 1175 is
744 1112 799 1196 qui
818 1111 970 1176 donasset
987 1133 1055 1176 non
1073 1113 1190 1196 fieret]

176 1201 405 1284 usucapionem
430 1199 610 1283 possidenti
632 1201 813 1284 procedere.

597 1384 643 1442 De
666 1385 761 1442 tutelo.

263 1495 315 1559 28.
342 1493 381 1557 D.
400 1494 457 1576 26,
475 1494 509 1577 2,
528 1494 580 1559 33.
621 1492 793 1557 Iavolenus
822 1493 907 1558 libro
931 1497 1045 1557 octavo
1069 1514 1109 1556 ex
1133 1515 1189 1577 po-

175 1582 363 1647 sterioribus
395 1581 555 1646 Labeonis
588 1581 637 1668 (P.
660 1578 751 1667 228).
800 1579 976 1646 Tutoribus
1008 1582 1056 1645 ita
1088 1582 1189 1647 datis:

172 1671 316 1736 ‘Lucium
351 1671 473 1742 Titium
504 1675 645 1735 tutorem
678 1669 734 1753 d0;
771 1669 799 1733 si
830 1671 858 1734 is
890 1691 956 1734 non
989 1669 1083 1752 vivit,
1116 1676 1188 1736 tum

176 1759 292 1825 Gaium
311 1760 475 1824 Plautium
495 1762 637 1823 tutorem
656 1757 708 1823 do’
728 1757 835 1823 Titius
854 1759 979 1823 vixerat
997 1758 1030 1823 et
1047 1759 1187 1824 tutelam

173 1853 332 1932 gesserat,
365 1848 476 1912 deinde
508 1851 655 1912 mortuus
688 1851 766 1910 erat.
816 1847 987 1912 Trebatius
1016 1853 1117 1933 negat
1145 1849 1187 1914 ad

172 1937 337 2003 Plautium
361 1937 521 2021 pertinere
544 1938 689 2000 tutelam.

415 2120 462 2178 De
484 2119 661 2191 adquirendo
683 2135 782 2176 reruni
805 2120 944 2178 dominia.

261 2238 311 2302 29.
340 2237 379 2301 D.
398 2238 495 2321 41,1,
517 2237 566 2301 16.
602 2235 807 2302 Florentinus
831 2237 915 2302 libro
938 2240 1029 2302 sexto
1048 2237 1183 2303 Institu-

170 2325 295 2390 tionum
316 2324 365 2412 (P.
380 2323 425 2412 9).
461 2324 501 2389 In
524 2325 612 2411 agris
635 2325 782 2390 limitatis
806 2326 856 2390 ius
877 2327 1048 2392 alluvionis
1072 2327 1182 2392 locum

170 2437 236 2480 non
259 2413 379 2479 habere
403 2419 545 2499 constat,
650 2418 682 2478 et
704 2414 875 2480 Trebatius
900 2415 947 2480 ait
970 2437 1097 2500 agrum,
1126 2417 1183 2499 qui

170 2503 320 2570 hostibus
349 2503 483 2569 devietis
511 2527 549 2569 ea
577 2503 764 2569 condicione
793 2525 965 2568 concessus
995 2505 1050 2586 sit,
1080 2509 1118 2568 ut
1145 2505 1182 2568 in

172 2594 338 2658 civitatem
361 2593 495 2677 veniret,
519 2593 638 2658 habere
662 2593 857 2658 alluvionem
880 2614 982 2676 neque
1004 2614 1073 2657 esse
1097 2593 1182 2657 limi·

169 2687 288 2768 tatum,
318 2703 433 2766 agrum
462 2686 571 2747 autem
594 2703 694 2746 manu
717 2686 846 2766 oaptum
870 2681 1046 2745 limitatum
1070 2681 1181 2767 fuisse,

170 2775 206 2834 ut
234 2774 385 2854 sciretur,
413 2771 489 2856 quid
518 2772 632 2854 cuique
660 2770 771 2834 datum
800 2774 897 2848 esset,
926 2771 1001 2854 quid
1028 2771 1181 2853 venisset,

169 2859 245 2942 quid
268 2861 302 2923 in
325 2860 453 2942 publico
478 2860 624 2924 relietum
648 2862 742 2923 esset.

258 2949 309 3012 30.
341 2947 561 3032 D.41,1,5,
583 2950 609 3011 1.
661 2945 760 3011 Gaius
790 2947 875 3011 libro
903 2947 1042 3011 seeundo
1070 2968 1178 3012 rerum

169 3035 418 3100 cottidianarum
447 3036 514 3100 sive
538 3058 707 3100 aureorum
731 3033 782 3120 (P.
796 3033 898 3121 491⁰).
943 3035 1028 3099 Illud
1053 3035 1178 3120 quaesi·

168 3127 237 3188 tum
261 3128 319 3204 est,
343 3146 384 3188 an
403 3124 471 3189 fera
489 3124 602 3207 bestia,
626 3146 707 3208 quae
726 3125 774 3188 ita
792 3125 962 3190 vulnerata
981 3125 1032 3207 sit,
1050 3130 1087 3188 ut
1106 3125 1179 3208 oapi

168 3214 286 3297 possit,
309 3214 421 3278 statim
443 3219 558 3278 nostra
581 3235 650 3278 esse
674 3214 889 3296 intellegatur.
932 3213 1086 3278 Trebatio
1110 3215 1179 3297 pls·

168 3303 234 3367 cuit
262 3304 373 3368 statim
395 3307 540 3368 nostram
567 3324 635 3367 esso
659 3305 691 3366 et
714 3323 752 3366 eo
775 3324 875 3385 usque
897 3306 1044 3367 nostram
1067 3302 1178 3387 videri,

167 3391 267 3457 donee
292 3414 362 3456 eam
385 3414 623 3476 persequamur,
646 3391 731 3476 quod
755 3391 781 3454 si
805 3391 992 3456 desierimus
1017 3413 1088 3454 eam
1106 3413 1177 3476 per·

167 3481 266 3565 sequi,
289 3481 433 3546 desinere
452 3485 599 3547 nostram
617 3502 687 3545 esse
707 3484 740 3544 et
758 3502 869 3544 rursus
888 3480 957 3544 fieri
976 3481 1176 3564 occupantis3

166 3568 275 3652 itaque
300 3571 327 3634 si
346 3593 403 3654 per
421 3571 483 3636 hoo
501 3574 637 3655 tempus,
661 3591 723 3655 quo
747 3591 818 3632 eam
837 3569 1070 3654 persequimur,
1091 3568 1176 3633 alius
