2588 3908
341 211 366 261 8.
393 205 544 261 SERVIUS
564 204 746 261 SULPICIUS
766 205 883 262 RUFUS
1055 207 1117 270 177

199 368 266 434 31?
289 367 329 433 D.
344 370 396 448 34,
411 371 440 453 2,
455 369 507 434 28.
537 368 671 433 Alfenus
686 367 792 432 Varus
810 369 893 434 libro
909 369 1047 452 septimo
1061 369 1118 434 Di·

109 462 279 543 gestorum
294 456 342 541 (P.
353 453 441 542 29¹³).
473 455 554 522 Cum
571 456 606 520 in
620 461 814 522 testamento
829 458 925 522 alicui
939 463 1118 542 argentum,

109 546 195 628 quod
218 567 296 610 usus
317 547 366 610 sui
385 568 481 611 causa
500 549 649 630 paratum
668 549 761 630 esset,
784 547 954 630 legaretur,
977 547 1119 631 itemque

109 635 212 718 <alii>
232 635 332 699 vestis
352 637 409 698 aut
428 634 580 718 supellex,
599 635 781 718 quaesitum
796 642 854 716 est,
874 635 948 719 quid
965 635 1118 721 cuiusque

108 746 186 788 usus
202 745 300 788 causa
309 723 471 788 videretur
485 727 634 806 paratum
645 744 722 805 esse,
736 727 887 788 utrumne
897 723 929 786 id
940 728 1119 809 argentum,

109 813 196 896 quod
218 813 336 892 [victus
355 812 405 876 sui
425 833 522 876 causa
540 813 706 896 paratum]
724 812 970 896 paterfamilias
986 813 1025 876 ad
1041 815 1118 878 coti-

110 901 242 966 dianum
266 922 360 965 usum
382 904 530 985 parasset
554 923 594 965 an
619 905 652 964 et
676 901 703 965 si
727 923 780 966 eas
800 923 928 966 mensas
948 907 1118 987 argenteas

75 993 78 1000 '
109 993 144 1054 et
163 989 231 1054 eius
250 990 378 1074 generis
398 993 568 1074 argentum
586 989 728 1072 haberet,
748 1011 810 1074 quo
829 990 899 1074 ipse
918 1012 984 1055 non
997 993 1119 1055 temere

107 1082 261 1162 uteretur,
281 1077 337 1142 sed
356 1077 558 1144 commodare
579 1078 618 1142 ad
637 1078 729 1143 ludos
745 1083 778 1142 et
792 1079 832 1142 ad
847 1083 969 1144 ceteras
985 1101 1119 1164 appara-

107 1167 213 1232 tiones
239 1167 365 1231 soleret.
407 1157 440 1232 et
462 1169 567 1250 magis
589 1167 703 1250 placet,
726 1167 811 1252 quod
831 1168 935 1232 victus
955 1169 1004 1231 sui
1023 1189 1119 1233 causa

107 1261 259 1340 paratum
283 1259 345 1340 est,
368 1258 495 1320 tantum
519 1255 685 1319 contineri.

198 1366 299 1426 Verba
314 1361 420 1446 ‘magis
433 1361 546 1444 placet'
559 1387 620 1427 non
633 1360 744 1446 Alfeni,
764 1367 816 1426 sad
829 1367 918 1426 Pauli
932 1385 995 1427 esse
1009 1368 1116 1428 iudico.

106 1456 237 1518 Alfenus
260 1457 389 1516 fortasse
412 1456 533 1532 scripsit
556 1449 599 1514 ‘ot
623 1455 727 1516 Servio
750 1449 876 1532 placuit’
904 1458 953 1516 vel
979 1450 1117 1518 ‘Servius

106 1545 206 1622 magis
234 1564 299 1604 esse
326 1539 478 1620 putabat'.
525 1545 561 1604 cf.
584 1545 620 1602 D.
641 1547 697 1620 19,
718 1545 825 1620 1„13,
847 1547 889 1604 10
917 1539 1029 1622 ‘magis
1053 1565 1117 1606 esse

106 1633 232 1694 Servius
254 1627 402 1710 putabat'.

199 1744 251 1809 32.
288 1744 327 1809 D.
345 1744 398 1826 34,
417 1743 447 1829 2,
469 1743 522 1828 39,
541 1743 570 1808 2.
613 1741 785 1808 Iavolenus
808 1742 892 1807 libro
917 1745 1054 1808 secundo
1079 1765 1117 1809 ex

106 1832 344 1916 posterioribus
385 1831 546 1896 Labeonis
584 1829 632 1917 (P.
664 1827 751 1920 185).
820 1828 935 1895 Ateius
972 1830 1118 1896 Servium

106 1921 313 2004 respondisse
337 1921 463 2000 scribit,
489 1922 540 1986 oui
564 1925 747 2004 argentum,
771 1919 855 2006 quod
877 1921 910 1984 in
935 1919 1118 1986 Tusculano

106 2008 209 2074 fundo
230 2031 301 2073 cum
320 2015 498 2075 moreretur
512 2009 691 2095 habuisset,
709 2009 852 2094 legatum
868 2012 962 2088 esset,
986 2012 1019 2074 et
1033 2011 1119 2094 quod

107 2101 284 2181 antequam
320 2104 498 2163 moreretur
530 2119 568 2162 ex
601 2099 680 2163 urbe
712 2099 746 2162 in
778 2097 997 2164 Tusculanum
1029 2100 1119 2164 iussu

106 2187 277 2252 testatoris
300 2187 494 2252 translatum
518 2191 612 2272 esset,
635 2187 757 2252 deberi:
783 2191 896 2252 contra
919 2187 998 2268 fore,
1023 2187 1051 2252 si
1069 2187 1117 2253 in-

105 2275 199 2340 iussu
221 2275 418 2340 translatum
441 2279 534 2340 esset.

199 2364 251 2430 33.
288 2362 326 2429 D.
346 2365 403 2448 34,
421 2364 456 2445 2,
481 2364 536 2448 19,
557 2365 607 2431 17.
656 2361 818 2450 Ulpianus
851 2364 935 2429 libro
964 2365 1117 2430 vicesimo

107 2452 150 2518 ad
170 2450 326 2518 Sabinum
342 2452 391 2537 (P.
401 2449 512 2540 2606).
545 2451 738 2527 Gammae..
754 2457 829 2518 sunt
847 2451 1030 2536 perlucidae
1050 2476 1118 2518 ma-

106 2541 219 2624 teriae,
242 2564 337 2626 quas,
359 2547 395 2605 ut
417 2539 517 2606 refert
542 2539 681 2606 Sabinus
706 2590 772 2624 ...,
799 2541 929 2606 Servius
953 2563 973 2606 a
995 2541 1117 2625 lapillis

106 2651 146 2694 eo
171 2629 405 2716 distinguebat,
433 2628 517 2714 quod
542 2650 688 2716 gemmae
712 2633 819 2694 essent
846 2629 1027 2712 perlucidae
1051 2652 1117 2694 ma·

106 2719 223 2802 teriae,
256 2719 347 2783 velut
379 2717 541 2804 smaragdi
570 2717 761 2804 chrysolithi
795 2717 981 2801 amethysti,
1013 2717 1118 2804 lapilli

107 2811 218 2872 autern
246 2807 428 2874 contrariae
459 2807 676 2892 superioribus
708 2810 854 2890 naturae,
887 2811 924 2870 ut
956 2806 1118 2872 obsidiant

105 2897 278 2962 veientani.

445 3009 489 3064 De
506 3009 667 3078 supellectili
685 3009 782 3078 lepcto.

198 3117 265 3183 34?
292 3117 330 3182 D.
346 3117 397 3202 33,
414 3117 465 3200 10,
480 3117 508 3182 6.
536 3118 671 3183 Alfenus
691 3117 774 3182 libro
793 3118 889 3182 tertio
909 3117 1117 3202 Digestorum

108 3229 127 3270 a
149 3207 255 3272 Paulo
279 3206 528 3290 epitomatorum
552 3203 598 3290 (P.
619 3204 685 3293 60).
730 3203 946 3289 Supellectilis
970 3229 1024 3271 eas
1048 3229 1117 3272 esse

107 3317 158 3360 res
190 3297 417 3380 [puto],.quae
446 3295 486 3359 ad
509 3317 602 3360 usum
626 3316 828 3360 communem
851 3295 952 3378 patris
976 3295 1116 3359 familias

108 3389 242 3467 paratae
266 3389 382 3466 essent,
406 3406 487 3468 quae
508 3405 625 3448 nomen
645 3384 695 3448 sui
714 3384 839 3468 generis
860 3383 1033 3466 separatim
1052 3403 1116 3447 non

108 3472 283 3537 haberent:
312 3494 408 3556 quare
437 3493 519 3556 quae
547 3473 587 3538 ad
613 3473 742 3538 artificii
766 3491 865 3555 genus
890 3471 1020 3554 aliquod
1043 3494 1117 3554 per-

8 3589 9 3616 ÷
109 3561 253 3626 tinerent
284 3583 387 3646 neque
419 3561 460 3626 ad
493 3582 694 3627 communem
727 3581 819 3625 usum
846 3559 948 3643 patris
976 3559 1115 3624 familias

8 3717 10 3768 l

8 3801 10 3836 ι

162 3673 259 3722 Iurispr.
273 3675 391 3715 antehadr.
405 3673 455 3716 roll.
469 3675 503 3715 ed.
518 3675 617 3716 Bromer.
872 3665 904 3713 12
