2588 3908
320 167 346 217 8.
373 161 525 216 SERVIUS
545 160 730 216 SULPICIUS
748 160 867 216 RUFUS
1035 164 1098 228 227

78 330 232 393 ducturus
259 331 339 407 erat,
366 325 400 390 id
421 327 516 390 eidern
539 326 712 408 spondebat.
757 327 786 390 is
808 331 980 392 contractus
988 324 1099 412 'stupu-

80 417 236 482 lationurn
259 415 516 498 sponsionumque
538 416 693 480 dicebatur
714 415 884 496 sponsalia.
927 419 999 480 tuno
1020 439 1099 499 quae

74 507 238 589 promissa
260 509 337 588 erat,
359 523 473 587 sponsa
491 504 713 587 appellabatur,
735 505 790 586 qui
806 505 1011 586 spoponderat
1027 507 1098 571 duo-

79 601 203 673 turon,
230 613 369 675 sponsus.
414 594 468 657 sed
491 594 520 657 si
537 598 609 675 post
629 613 681 658 eas
702 593 915 675 stipulationis
936 614 1016 658 naor
1037 615 1100 660 non

78 684 217 748 dubdm
238 687 380 746 autnon
402 682 581 761 ducebatur,
607 683 662 764 qui
683 682 904 766 stipulabatur,
927 703 964 746 ea
986 703 1100 766 sponsu

78 772 199 856 aqebot.
248 772 364 836 indues
391 771 614 853 coquoscebant.
664 772 770 855 iudea,
801 771 998 854 quarnobrern
1025 774 1100 838 data

79 866 239 942 acaptare
274 880 337 925 non
369 864 445 924 esset
474 880 568 938 naor,
604 861 774 942 quaerebat.
829 861 859 924 si
889 860 970 925 nibil
1000 863 1100 928 indue

78 971 195 1016 causae
226 949 397 1029 uidebatur,
430 949 513 1012 litem
538 951 674 1032 pecunia
707 949 901 1032 aestimabat,
933 953 1100 1034 quantique

79 1039 269 1120 interfuerat
293 1059 362 1102 earu
390 1058 517 1102 aaaron
544 1039 617 1103 dori
646 1044 703 1102 aut
724 1039 834 1120 erupi,
861 1059 930 1102 earn
953 1041 1008 1122 qui
1029 1062 1097 1124 spo-

75 1129 234 1212 ponderat
251 1125 323 1210 <er>
341 1127 396 1209 qui
413 1127 580 1208 stipulatus
598 1133 672 1209 erat,
690 1127 933 1192 condemnabat’.
968 1129 1030 1194 hoo
1049 1130 1099 1194 ius

83 1217 326 1300 sponsaliorum
354 1216 560 1279 observatum
588 1216 666 1280 dicit
689 1213 818 1280 Servius
844 1216 885 1280 ad
909 1217 941 1281 id
964 1221 1100 1304 tempuS,

84 1329 152 1391 quo
177 1306 292 1370 civitas
316 1305 466 1368 universo
490 1304 586 1368 Latio
609 1305 680 1388 lege
704 1302 788 1368 Iulia
811 1305 888 1368 data
911 1309 970 1372 est.

175 1414 220 1476 Cf.
230 1416 265 1475 D.
278 1419 328 1489 23,
341 1419 369 1493 1,
380 1419 408 1475 2.
437 1415 585 1491 Ulpianus
599 1415 677 1474 libro
693 1415 839 1491 singulari
854 1407 1100 1492 desponsalibus.

82 1500 132 1586 (P.
151 1497 262 1586 2993.)
299 1504 458 1580 Sponsalia
476 1507 579 1563 autom
597 1503 678 1562 diota
698 1509 769 1563 sunt
787 1523 805 1562 a
824 1506 1012 1582 spondendo:
1031 1528 1101 1567 nam

80 1595 177 1656 moris
196 1595 255 1653 fuit
272 1594 426 1654 veteribus
446 1592 587 1668 stipulari
607 1595 637 1651 et
656 1593 800 1668 spondere
821 1594 878 1652 sibi
895 1614 1004 1655 uxores
1018 1599 1100 1657 tutu-

80 1704 143 1746 rus.
174 1683 212 1743 D.
229 1686 383 1760 23,1,11.
416 1682 552 1741 Iulianus
571 1681 649 1740 libro
669 1684 753 1741 sexto
770 1682 883 1742 decimo
897 1683 1100 1762 Digestorum.

81 1767 132 1856 (P.
154 1766 233 1851 268)
334 1771 413 1831 sicut
435 1771 558 1846 nuptiis,
581 1771 625 1830 ita
648 1771 839 1846 sponsalibus
857 1771 951 1831 filiam
969 1774 1099 1834 familias

81 1863 252 1923 consentire
272 1863 398 1936 oportet.
435 1860 471 1920 D.
487 1862 538 1936 23,
555 1863 584 1938 1,
600 1863 650 1918 12.
683 1859 832 1936 Ulpianus
846 1860 866 1919 l.
881 1879 904 1920 c.
924 1853 971 1943 (P.
990 1857 1099 1943 2994).

81 1952 137 2012 sed
157 1969 234 2028 quae
247 1950 343 2026 patris
357 1949 509 2009 voluntati
523 1968 583 2009 non
596 1951 753 2026 repugnat,
773 1951 941 2009 consentire
955 1951 1099 2028 intelligi·

81 2046 144 2100 tur.
183 2041 256 2098 tuno
275 2042 376 2098 autem
400 2039 497 2098 solum
520 2038 716 2098 dissentiendi
739 2042 861 2114 epatre
879 2039 1003 2098 licentia
1018 2040 1100 2101 filiae

82 2128 273 2203 conceditur,
301 2128 327 2188 si
351 2128 509 2205 indignum
531 2127 666 2187 moribus
689 2127 739 2187 vel
762 2130 882 2204 turpem
906 2147 1049 2204 sponsum
1071 2131 1100 2190 ei

81 2223 172 2295 pater
196 2218 299 2294 eligat.

174 2338 204 2402 2.
232 2335 271 2400 D.
286 2337 338 2420 38,
355 2337 405 2420 10,
420 2335 449 2400 8.
484 2333 683 2422 Pomponius
701 2336 786 2402 libro
806 2337 911 2420 primo
931 2338 1100 2403 enchiridii

82 2424 135 2514 (P.
157 2426 244 2506 174).
281 2423 409 2490 Servius
435 2473 465 2489 ..
489 2423 617 2488 dicebat
641 2426 726 2489 socri
750 2429 783 2488 et
806 2447 916 2490 socrus
936 2431 969 2490 et
987 2429 1099 2509 generi

82 2522 118 2582 et
141 2537 240 2580 nurus
265 2513 519 2598 appellationem
547 2512 644 2576 etiam
671 2535 710 2577 ex
734 2514 941 2597 sponsalibus
964 2516 1098 2600 adquiri.

422 2687 469 2744 De
492 2688 565 2744 dotis
587 2690 760 2760 repetitione.

175 2800 206 2864 3.
234 2797 273 2862 D.
295 2798 346 2878 12,
364 2797 394 2880 4,
414 2798 444 2862 8.
485 2795 639 2860 Neratius
667 2798 751 2862 libro
775 2798 915 2863 secundo
939 2797 1099 2865 Membra-

82 2910 202 2956 narum
222 2885 272 2970 (P.
288 2883 357 2973 11).
456 2883 585 2950 Servius
609 2887 644 2950 in
665 2887 748 2950 libro
773 2887 811 2950 de
830 2887 960 2952 dotibus
980 2891 1100 2973 scribit,

84 2981 113 3045 si
136 2979 222 3043 inter
250 2997 305 3040 eas
328 2996 498 3060 personas,
527 2997 664 3059 quarum
689 2977 792 3041 altera
814 2977 957 3042 nondum
980 2980 1100 3045 iustam

83 3071 228 3134 aetatem
246 3065 377 3148 babeat,
395 3063 528 3147 nuptiae
546 3063 651 3130 factae
671 3067 745 3150 sint,
763 3067 849 3150 quod
868 3065 954 3131 dotis
969 3070 1100 3134 nomine

83 3157 217 3222 interim
241 3153 352 3219 datum
377 3155 434 3236 sit,
457 3155 560 3236 repeti
583 3175 688 3237 posse.

363 3328 410 3386 De
432 3329 475 3386 rei
496 3329 616 3387 uxoriae
639 3331 827 3388 cantionibus.

175 3440 206 3504 4.
239 3437 320 3502 Gell.
338 3437 370 3521 4,
389 3438 408 3502 3
432 3437 501 3517 §Z
538 3433 668 3502 Servius
763 3435 925 3523 Sulpicius
948 3438 983 3503 in
1006 3441 1102 3518 libro,

86 3552 183 3614 quem
213 3528 394 3611 composuit
423 3527 462 3591 de
491 3526 635 3609 dotibus,
666 3530 735 3590 tum
763 3527 904 3610 primum
934 3531 1102 3595 cautiones

833 3630 886 3684 15*
