2602 3912
164 183 208 248 30
252 184 299 240 111.
326 183 470 239 SEPTIMI
490 183 587 240 SAEO.
607 183 704 238 IURIS
723 182 894 239 consum.
914 182 1038 239 saulus
1058 182 1173 238 PRIMA
1287 139 1288 144 Ἰ

253 345 291 410 In
313 347 423 412 eadem
442 347 540 411 verba
560 346 684 411 hostias
703 345 773 410 fieri
788 350 916 430 oportet
930 347 1172 412 auctoritatem-

164 457 224 518 que
248 435 350 500 videri
372 441 533 521 extorum,
556 440 592 500 ut
615 458 653 499 ea
676 436 869 518 promittant
891 435 1008 500 futura.

252 523 357 590 Urbes
386 547 461 590 vero
491 525 712 608 exercitusque
739 527 784 589 sie
809 523 1006 588 devoventur
1029 524 1094 588 ianr
1117 548 1171 590 nu·

164 613 305 678 minibus
335 615 490 697 evocatis;
520 614 574 678 sed
604 614 778 677 dictatores
806 613 1083 698 imperatoresque
1111 615 1173 679 soli

163 707 301 786 possunt
323 703 478 768 devovere
502 703 553 766 his
577 703 698 767 verbis:
721 700 784 766 Dis
796 706 887 783 puter
912 701 1030 767 Veiouis
1049 702 1172 788 Moneo,

161 792 225 856 siue
250 813 309 873 quo
334 793 397 856 ulio
419 792 542 856 neruiue
562 792 615 872 fus
637 795 681 855 esl
701 792 874 872 nominare,
902 795 937 855 ut
958 809 1061 857 omues
1082 792 1173 856 illum

161 881 265 945 urbem
295 879 512 962 Cartbaqiuem
543 881 776 964 curulemque,
808 901 896 962 quem
923 900 974 962 eqo
1001 901 1050 944 rue
1076 884 1173 946 sentio

162 969 271 1050 dicere,
296 971 374 1051 fuco
394 970 562 1050 formidine
584 975 752 1050 terroreque
773 969 959 1051 complentis,
984 971 1095 1050 quique
1117 973 1173 1034 ucl-

161 1078 281 1122 oersuru
300 1059 429 1140 leqioues
447 1059 667 1139 caercilumque
680 1063 818 1123 uestrum
832 1078 924 1122 ormo
938 1057 1054 1140 teloque
1064 1058 1174 1139 fereul,

161 1147 209 1210 uli
235 1167 287 1211 uos
314 1169 383 1211 euru
410 1149 573 1212 exercitum
600 1167 647 1211 eos
674 1147 770 1212 hostes
796 1167 902 1228 eosque
925 1145 1062 1212 bominac
1083 1148 1174 1213 urbes

161 1255 309 1318 cyrosque
335 1257 440 1300 eorum
468 1241 496 1300 el
522 1237 637 1318 quiin
664 1235 712 1300 llis
741 1237 813 1300 locis
835 1235 1065 1317 reqiouibusque
1086 1239 1174 1319 ocris

161 1325 322 1389 urbibusue
357 1325 510 1406 habitunt,
547 1325 718 1406 abluentis,
756 1325 871 1389 luruiuc
907 1344 1015 1406 supuo
1040 1327 1174 1407 privetis

161 1416 382 1496 exercitumque
413 1413 546 1479 bostium
578 1415 666 1478 urbes
697 1434 845 1497 equosque
874 1434 991 1495 eorum,
1022 1433 1097 1494 quos
1124 1435 1174 1479 me

161 1505 257 1567 seulio
284 1503 394 1581 dicere,
420 1505 469 1567 uli
494 1523 546 1568 uos
568 1523 621 1568 eus
642 1502 731 1568 urbes
753 1523 899 1585 cyrosque
920 1503 1024 1584 cupito
1047 1508 1173 1568 celotes·

161 1589 235 1673 que1
262 1612 367 1657 eorum
391 1593 512 1657 uvolae
533 1597 779 1672 consecratosque
801 1591 939 1656 babeatis
960 1591 1026 1656 illis
1049 1593 1173 1676 lcqibus,

160 1681 270 1762 quibus
292 1683 472 1764 quaudoque
493 1685 567 1746 suut
588 1681 723 1744 maxime
739 1679 836 1746 booles
853 1682 958 1746 ducti.
994 1700 1101 1762 eosque
1119 1701 1172 1764 eqo

161 1771 292 1835 neurius
323 1792 382 1852 pro
419 1791 466 1834 me
501 1770 560 1851 fide
595 1769 836 1851 mouislrutuque
871 1791 936 1834 urea
966 1789 1028 1850 pro
1053 1771 1171 1853 popub

162 1857 304 1923 Romano
331 1859 510 1924 exercitibus
533 1857 755 1938 leuiouibusque
776 1859 891 1923 uostris
913 1861 950 1922 clo
972 1860 1109 1938 devoveo,
1136 1865 1174 1924 ul

161 1967 208 2010 ure
239 1969 396 2028 meumque
425 1949 517 2030 fidem
548 1947 770 2029 iuqreriuruque
798 1947 925 2029 leuiores
951 1949 1172 2030 curatumque

160 2041 312 2118 uestrum,
343 2037 398 2117 qui
429 2037 464 2099 iu
496 2035 545 2099 llis
571 2035 660 2100 rebus
683 2036 830 2117 quaudiu
856 2041 941 2114 suut,
973 2036 1043 2100 beue
1070 2039 1171 2102 saluos

160 2127 259 2190 uirilis
285 2143 354 2189 esse.
399 2125 428 2188 si
455 2123 527 2188 boec
555 2125 600 2188 ilo
626 2124 749 2204 furitis,
777 2130 812 2188 ul
837 2145 888 2206 eqo
914 2125 1011 2189 scium
1038 2127 1170 2190 seutiam

161 2214 401 2296 iutelliquruque,
432 2218 502 2276 lunc
524 2213 662 2294 quisquis
685 2212 739 2276 boc
760 2218 862 2278 uotiua
883 2213 980 2293 fouit,
1003 2213 1056 2277 ubi
1076 2215 1169 2298 fouit,

159 2308 236 2368 recle
256 2304 374 2382 facturn
397 2307 457 2366 esto
478 2302 582 2366 cuibus
599 2303 677 2366 obis
695 2302 799 2366 tribus.
842 2299 930 2386 <le>²
950 2302 1053 2367 Tellus
1071 2308 1170 2368 muter

160 2397 244 2474 leqrce
266 2391 409 2474 Irippiler
436 2391 570 2456 abactor.
617 2412 689 2454 cum
713 2389 874 2454 Tellurem
900 2391 990 2470 dicit,
1019 2393 1169 2456 manibus

159 2485 280 2545 terram
312 2481 432 2564 tangit,
466 2501 538 2545 cum
565 2478 674 2542 Iovem
709 2479 799 2560 dicit,
832 2501 946 2543 manus
975 2480 1015 2542 ad
1044 2481 1167 2544 caelum

159 2569 261 2655 tollit,
275 2591 347 2634 oum
363 2572 472 2634 votum
488 2569 630 2653 recipere
646 2567 732 2649 dicit,
748 2568 894 2632 manibus
909 2571 1021 2650 pectus
1034 2567 1170 2654 tangit.³

378 2867 419 2952 8.
460 2873 559 2946 SER.
586 2871 753 2944 FABIUS
780 2870 952 2945 PICTOR

248 3015 306 3077 Cio.
331 3017 415 3076 Brut.
436 3019 475 3076 81
507 3011 584 3076 ‘Ser
613 3016 739 3076 Fuluius
768 3009 840 3096 (coe.
861 3012 1022 3094 619l135)
1049 3020 1079 3077 et
1105 3037 1168 3078 una
1289 2975 1291 3006 r

160 3107 222 3166 Ser.
245 3105 357 3165 Fabius
380 3105 482 3165 Piotor
509 3109 540 3164 et
569 3105 643 3165 iuris
672 3109 702 3164 et
730 3105 900 3164 litterarum
924 3108 953 3164 et
977 3105 1167 3184 antiquitatis

157 3197 232 3256 bena
255 3187 390 3271 peritus'.

232 3355 245 3401 1
265 3347 407 3401 Huecblcio
426 3347 566 3417 leqeucluur
579 3347 687 3401 uidetur
704 3344 941 3414 habitatoresque.
1004 3351 1020 3400 2
1039 3347 1167 3403 Huacblce

156 3421 299 3490 suupleoil.
377 3424 393 3471 3
416 3417 535 3486 Reliqua
557 3435 614 3473 nou
631 3419 733 3486 recepi,
756 3434 816 3472 cum
835 3417 922 3470 Furii
939 3434 996 3472 uou
1014 3435 1067 3473 ease
1084 3421 1167 3474 uerbo

156 3491 542 3618 iniwiiiioge'iiiwm'·
565 3489 594 3544 in
617 3488 834 3557 antiquitatibus
857 3488 951 3542 autem
973 3487 1043 3544 haee
1062 3491 1167 3558 oppida
