2588 3908
156 186 221 249 238
260 186 306 240 VI.
331 185 465 241 OGTAVI
484 185 583 241 SAEC.
598 185 695 240 IURIS
715 185 890 241 CONSULT.
907 185 1033 242 SERIES
1052 187 1166 242 PRIMA

511 401 561 461 IX.
590 399 674 459 Alie
697 418 813 476 opera.

245 532 371 592 Praeter
398 533 503 610 libros,
532 533 569 592 de
598 533 707 609 quibus
736 533 810 609 dixi,
842 533 980 593 Servium
1007 534 1083 592 alios
1110 554 1170 595 non

155 640 267 698 paucos
292 621 444 698 scripsisse
467 624 583 680 certum
607 626 665 699 est,
697 641 765 681 cum
788 622 972 698 Pomponius
996 621 1015 697 ἕ
1035 625 1077 682 43
1102 643 1169 683 eum

156 705 264 787 ‘prope
293 713 414 770 centum
442 713 474 769 et
503 711 658 788 octoginta
685 705 793 770 libros'
824 711 981 788 reliquisse
1009 712 1112 772 tradat
1139 719 1169 772 et

156 819 261 858 eorum
289 799 448 874 librorum,
478 819 607 876 quorum
635 802 813 876 argumenta
840 804 914 859 nota
941 802 1025 875 sunt,
1053 819 1170 860 summa

155 888 206 948 vix
237 889 348 965 viginti
381 888 512 947 excedat.
562 889 628 965 qui¹
648 889 871 964 deperditorum
903 889 1050 948 librorum
1078 909 1168 968 argu-

155 980 257 1036 menta
279 977 452 1036 coniectura
475 976 597 1035 definire
621 978 712 1054 volet,
737 997 805 1036 cum
826 978 927 1053 potius
946 978 995 1037 ins
1013 979 1168 1053 publicum

156 1085 247 1142 quam
282 1066 437 1142 privatum
469 1066 656 1124 considerare
689 1071 827 1142 oportere
859 1069 943 1142 puto.
996 1087 1050 1143 pro
1083 1068 1168 1126 testi·

154 1155 263 1214 moniis
286 1155 379 1213 habeo
403 1155 573 1232 fragmenta
596 1155 663 1229 illa,
687 1174 764 1232 quae
789 1156 827 1214 ad
849 1155 1013 1231 municipia
1036 1159 1068 1214 et
1091 1158 1170 1216 colc-

155 1244 230 1320 nias,
252 1243 290 1301 ad
309 1262 416 1320 agrum
434 1243 590 1319 publicum
609 1247 640 1302 et
659 1244 697 1303 ad
716 1263 854 1304 censores
869 1247 1005 1320 spectare
1020 1245 1168 1304 videntur.

155 1333 191 1393 cf.
205 1333 285 1392 Uest.
304 1352 331 1392 v.
350 1332 504 1408 municeps
524 1335 555 1391 et
573 1353 601 1394 v.
618 1336 752 1410 sanates,
770 1332 919 1409 Ulpianus
934 1333 971 1391 D.
981 1335 1033 1408 43,
1044 1335 1096 1411 24,
1107 1337 1167 1412 5,4

156 1412 210 1501 l‘si
224 1421 291 1498 quis
305 1421 337 1479 in
350 1421 471 1496 publico
485 1421 643 1498 municipii
652 1422 726 1481 velit
737 1413 877 1502 facere');
891 1423 971 1481 Fest.
981 1443 1009 1482 v.
1019 1423 1168 1498 posticum

154 1511 279 1586 lincam,
304 1509 451 1585 Ulpianus
470 1510 506 1569 D.
523 1512 573 1585 19,
589 1513 617 1584 3,
634 1514 717 1584 19,1
745 1504 798 1590 (fei
821 1511 933 1570 saltum
954 1529 1102 1587 pascuum
1124 1513 1167 1571 lo-

156 1590 272 1675 casti),
296 1598 424 1659 Alfenus
442 1600 478 1659 D.
495 1603 545 1674 19,
562 1603 589 1674 2,
606 1603 647 1660 29
673 1591 731 1680 (in
754 1601 820 1677 lege
844 1600 1002 1660 locationis
1021 1601 1167 1676 scriptum

155 1691 234 1748 erat:
263 1688 435 1764 redemptor
458 1689 565 1749 silvam
588 1709 627 1747 ne
650 1681 806 1769 caedito');
837 1689 919 1748 idem
941 1687 976 1748 D.
998 1690 1053 1768 39,
1074 1691 1103 1761 4,
1125 1692 1165 1750 15

156 1771 301 1858 (‘ansar
339 1797 407 1836 cum
439 1779 554 1837 insulae
585 1775 692 1836 Cretae
726 1777 855 1836 cotorias
888 1770 1050 1859 locaret');
1087 1779 1166 1838 idem

151 1867 188 1925 D.
205 1869 256 1944 50,
273 1869 323 1937 16,
339 1869 401 1927 203
428 1861 486 1947 (in
509 1867 576 1944 lege
601 1866 737 1926 censoria
754 1869 862 1942 portus
883 1859 1042 1944 Siciliae');
1066 1867 1166 1926 Labeo

151 1956 188 2015 D.
213 1959 263 2033 18,
283 1959 338 2029 80,
359 1957 377 2014 2
407 1946 512 2035 (111νο
539 1955 653 2013 caedua
674 1953 707 2012 in
730 1955 968 2031 quinquennium
991 1947 1167 2038 venierat');

153 2044 281 2103 Alfenus
304 2043 339 2101 D.
358 2045 407 2118 18,
429 2045 513 2117 6,13
540 2036 660 2122 (lectos
684 2046 801 2120 emptos
825 2044 943 2119 aedilis,
972 2062 1040 2103 cum
1063 2044 1094 2103 in
1118 2046 1167 2105 via
1196 2115 1200 2126 ι

152 2132 274 2207 publica
301 2131 393 2206 positi
421 2133 532 2205 essent,
565 2125 734 2211 concidit');
766 2132 846 2192 idem
869 2132 905 2191 D.
931 2135 986 2209 19,
1013 2135 1045 2209 2,
1069 2136 1121 2211 30,
1147 2136 1163 2192 1

152 2215 300 2298 (³Aedilis
328 2219 361 2277 in
388 2219 549 2294 municipio
578 2221 701 2280 balneas
729 2222 925 2300 conduxerat,
957 2225 994 2280 ut
1023 2241 1058 2282 co
1088 2241 1166 2282 anno

151 2307 318 2383 municipes
341 2307 437 2384 gratis
460 2303 672 2389 lavarentnr’).
715 2309 864 2386 Ulpianus
888 2310 924 2370 D.
944 2312 1000 2388 43,
1021 2313 1076 2387 24,
1098 2314 1125 2387 7,
1145 2315 1165 2369 4

153 2390 302 2474 (Servius
326 2399 429 2454 autem
452 2398 505 2472 ait,
529 2397 555 2456 si
577 2397 609 2456 id
631 2399 828 2476 magistratus
852 2392 1010 2478 fecisset’).
1052 2400 1090 2459 01.
1112 2399 1165 2459 ΑΙ-

151 2486 237 2545 fenus
264 2485 301 2546 D.
323 2487 377 2563 13,
403 2488 436 2563 7,
460 2487 502 2546 30
526 2478 649 2568 (batem
679 2489 712 2546 in
743 2488 865 2546 flumine
898 2505 952 2546 sua
984 2490 1166 2548 auctoritate

151 2565 325 2658 detinuit’).
370 2594 431 2634 non
454 2578 517 2634 tam
540 2596 628 2653 agros
646 2577 781 2653 privatos
801 2595 891 2654 quam
909 2576 1011 2652 potius
1029 2577 1166 2653 publicos

149 2665 199 2724 vel
230 2664 428 2740 municipales
456 2664 595 2724 Servium
627 2671 696 2724 ante
729 2666 831 2725 oculos
860 2664 999 2724 habuisse
1030 2669 1167 2742 apparet.

152 2753 289 2813 Servium
317 2754 484 2813 Varronem
512 2755 548 2812 de
576 2756 716 2814 censoriis
744 2754 830 2813 libris
858 2755 1044 2813 consuluisse
1073 2773 1166 2831 supra

150 2863 178 2916 p.
196 2846 259 2902 140
273 2843 412 2901 vidimus.
441 2844 555 2902 accedit
570 2846 649 2920 quod
663 2847 734 2904 ante
749 2843 886 2904 Servium
902 2841 1022 2902 Cassius
1035 2843 1166 2902 Hemina

151 2931 188 2987 dc
217 2931 390 2990 censoribus
418 2930 512 2990 libros
541 2933 662 3007 scripsit
685 2927 727 3011 (p.
748 2923 814 3013 28).
860 2933 988 2990 fortasse
1011 2951 1071 2991 non
1094 2951 1165 2992 casu

150 3019 198 3090 fit,
228 3019 307 3095 quod
330 3019 534 3095 fragmentum
554 3039 576 3077 a
598 3020 695 3080 Nonio
719 3021 851 3079 relatum
874 3020 1008 3079 eiusdem
1030 3021 1093 3080 fere
1118 3041 1165 3081 ar·

150 3107 287 3185 gumenti
305 3109 351 3166 est
370 3110 461 3184 atque
480 3126 528 3166 res
548 3108 583 3167 (10
602 3128 662 3184 qua
676 3109 798 3169 Servius
812 3110 979 3168 Varronem
998 3111 1164 3170 consuluit:

151 3199 313 3273 utrumque
337 3195 416 3254 enirn
440 3196 478 3255 ad
502 3194 684 3272 Capitolium
707 3197 847 3274 pertinet.

240 3284 361 3347 Servius
372 3288 453 3345 certe
463 3289 494 3345 et
503 3287 650 3363 praetoris
659 3287 928 3365 etmagistratuum
936 3287 1163 3363 municipalium

151 3375 187 3434 de
206 3375 299 3435 servis
318 3373 553 3436 iurisdictionem
571 3377 726 3437 tractavit:
750 3377 781 3434 id
800 3377 878 3436 enim
897 3375 1040 3434 Alfenum
1059 3377 1095 3436 D.
1111 3379 1164 3454 44,

152 3466 180 3540 7,
195 3465 237 3522 20
257 3469 288 3523 et
305 3463 476 3523 Labeonem
493 3465 530 3524 D.
546 3467 597 3543 40,
613 3469 641 3543 7,
657 3468 708 3543 39,
724 3468 742 3525 3
764 3467 967 3525 demonstrare
985 3468 1068 3539 puto.
1109 3465 1162 3522 1110

153 3551 188 3608 de
214 3571 300 3612 servo
324 3553 453 3629 disserit,
477 3554 529 3629 qui
552 3555 665 3613 domini
686 3556 771 3613 iussu
793 3554 952 3628 piraticam
975 3553 1164 3613 volturium
