2602 3912
342 186 382 234 11.
401 177 431 233 Ο.
447 176 679 236 SEMPRONIUS
697 177 907 235 TUDITANUS
1082 181 1129 248 «35

242 412 307 494 ll.
345 415 380 490 O.
410 414 712 490 SEMPRONIUS
741 415 1015 492 TUDITANUS

169 565 306 640 quaestor
330 554 491 640 eoelms,
513 564 634 637 praetor
657 553 819 638 6221132,
846 579 904 620 cos.
930 556 1085 640 625s129.

212 686 334 746 Praeter
350 686 473 746 annales
487 685 579 744 etiam
592 685 825 762 magistratuum
838 685 931 746 libros
946 689 1130 764 conscripsit.

427 871 709 948 Magistratuum
732 870 827 932 libri.

187 1019 189 1023 ·
210 988 255 1048 De
278 987 455 1066 fragmentis
479 1006 555 1064 quae
576 987 624 1047 his
642 987 729 1048 libris
747 987 945 1048 adtribuenda
963 990 1131 1065 uideantur,

127 1097 151 1136 1.
169 1076 206 1138 H.
225 1077 315 1137 Peter
332 1077 401 1136 hist.
420 1075 485 1136 rell.
506 1079 534 1152 l,
553 1078 615 1136 142
635 1079 666 1135 et
685 1075 954 1139 Teuffel-Schwabe
977 1077 997 1156 ξ
1013 1081 1085 1158 138,
1101 1083 1130 1141 2.

127 1165 160 1224 of.
186 1167 351 1226 Mommsen
384 1163 571 1224 Stnatsreoht
602 1156 640 1240 1²,
662 1167 692 1227 4.
746 1185 846 1226 rerum
883 1167 955 1228 ordo
992 1169 1131 1245 cognosci

127 1254 234 1332 nequit,
257 1273 325 1314 cum
347 1256 466 1312 tantum
489 1271 525 1313 ex
546 1253 630 1314 libris
648 1254 739 1334 tertio
758 1258 789 1314 et
806 1257 896 1316 tertio
914 1255 1029 1318 decimo
1048 1258 1129 1334 frag-

127 1349 224 1404 menta
247 1343 418 1403 afferantur.

533 1441 640 1500 Liber
664 1440 717 1500 III.

212 1554 240 1617 1.
269 1550 411 1616 Macrob.
431 1555 489 1615 sat.
510 1552 669 1636 1,13,21.
695 1587 732 1598 -
759 1548 910 1637 (Quando
933 1556 1040 1618 autem
1063 1554 1128 1637 pri-

47 1693 49 1698 ,
127 1662 209 1705 mum
223 1639 452 1706 intercalatum
467 1641 511 1704 sit
524 1639 612 1704 varie
624 1639 762 1704 refertur
772 1689 779 1704 .
790 1692 796 1704 .
807 1636 830 1726 .)
839 1640 1017 1706 Tuditanus
1032 1643 1130 1706 refert

126 1729 203 1795 libro
237 1729 336 1794 terti0
372 1727 621 1813 magistratuum
654 1728 762 1793 decem
794 1729 897 1814 viros,
934 1731 989 1815 qui
1021 1729 1130 1795 decem

126 1819 243 1884 tabulis
282 1817 360 1882 duas
394 1817 599 1904 addiderunt,
637 1817 676 1882 de
714 1816 934 1884 intercalando
973 1818 1129 1904 populum

126 1929 266 1994 rogasse.

522 2009 630 2068 Liber
651 2009 733 2070 XIII.

211 2121 242 2186 2.
263 2117 343 2184 Geli.
360 2122 409 2204 13,
426 2122 476 2204 15,
489 2121 519 2184 4.
536 2157 576 2166 —
593 2171 598 2184 .
614 2170 620 2183 .
635 2167 643 2185 .
661 2119 744 2185 liber
762 2121 806 2187 M.
819 2119 977 2186 Messalae
997 2120 1130 2205 auguria

127 2209 162 2273 de
186 2209 340 2294 auspiciis
363 2211 487 2294 primus
505 2259 512 2274 .
528 2260 557 2273 ..
577 2228 615 2274 ex
639 2230 676 2274 eo
699 2210 782 2274 libro
806 2211 904 2275 verba
926 2210 1029 2294 ipsius
1047 2209 1130 2275 Mes·

127 2298 210 2362 salae
231 2297 491 2382 subscripsimus:
517 2347 568 2362 ...
588 2297 731 2379 Praetor,
755 2299 816 2363 etsi
834 2300 969 2384 conlega
988 2299 1129 2364 consulis

128 2391 183 2470 eet,
196 2408 299 2469 neque
313 2391 494 2470 praetorem
509 2408 611 2471 neque
626 2389 789 2452 consulem
804 2389 872 2452 iure
883 2409 999 2473 rogare
1013 2391 1129 2470 potest,

126 2479 161 2540 ut
179 2475 308 2559 quidem
326 2497 385 2540 nos
405 2498 423 2540 a
443 2475 662 2561 superioribus
682 2477 863 2560 accepimus
882 2480 939 2540 ant
958 2479 1032 2540 ante
1051 2475 1130 2540 haec

127 2567 274 2650 tempora
308 2569 470 2629 servatum
502 2567 553 2631 est
582 2568 615 2629 et
645 2569 681 2628 ut
709 2565 743 2629 in
773 2565 1004 2630 commentario
1033 2563 1131 2628 tertio

128 2651 249 2718 decimo
269 2650 303 2718 O.
323 2652 476 2718 Tuditani
499 2657 599 2737 patet,
622 2655 697 2737 quia
720 2652 889 2737 imperium
912 2653 1019 2716 minus
1042 2673 1132 2736 prae·

128 2745 191 2827 tor,
218 2741 323 2806 maius
347 2742 444 2806 habet
472 2743 598 2826 consul,
626 2746 659 2806 et
683 2763 702 2806 a
724 2743 847 2807 minore
868 2741 1004 2826 imperio
1028 2741 1131 2806 maius

129 2835 183 2895 aut
206 2831 310 2895 maior
329 2831 370 2914 <a
389 2831 535 2916 minor>e
559 2831 685 2916 collega
707 2831 816 2916 rogari
838 2831 906 2895 iure
929 2852 995 2895 non
1013 2833 1131 2916 potest.

214 2923 320 2984 Eidem
342 2925 418 2985 libro
442 2926 590 2985 attribuas

215 3009 246 3073 3.
274 3006 357 3073 Plin.
375 3009 406 3073 h.
420 3031 449 3074 n.
471 3009 521 3090 13,
536 3008 579 3074 84
589 3031 634 3094 sq.
661 3045 697 3055 -
724 3005 856 3074 Cassius
875 3008 1023 3094 Hemina,
1042 3014 1131 3076 vetu-

130 3096 291 3162 stissimus
310 3101 423 3162 auctor
441 3097 615 3181 annalium,
634 3101 750 3182 quarto
769 3120 879 3163 eorum
893 3098 976 3164 libro
990 3097 1133 3182 prodidit

130 3182 185 3252 Cu.
209 3185 397 3251 Terentium
421 3186 560 3252 scribam
579 3207 693 3272 agrum
713 3209 804 3252 suum
828 3188 862 3251 in
879 3185 1024 3252 Ianiculo
1042 3208 1132 3270 repa·

132 3273 307 3358 stidantem
331 3274 477 3340 effodisse
500 3297 621 3358 arcam,
644 3276 680 3339 in
703 3297 767 3360 qua
790 3273 908 3361 Numa,
934 3276 988 3360 qui
1010 3275 1132 3340 Romae

131 3363 391 3518 ffgssaffi'liihiff
414 3363 555 3516 spiscsett.h
581 3365 616 3428 in
640 3363 751 3517 011ξάοἒ
774 3364 885 3516 111111οῧ
898 3365 1132 3515 eiusTrepeii'is

156 3473 336 3518 ,0111010
393 3501 448 3517 ..
500 3473 616 3518 000
679 3504 686 3518 .
739 3473 830 3518 aero
888 3501 939 3517 ..
990 3473 1040 3514 am
1090 3471 1133 3514 10

131 3560 200 3607 coss
300 3563 417 3626 eosque
440 3473 625 3608 combustgos
648 3563 667 3607 a
687 3540 724 3618 Q.
742 3540 858 3606 Petilio
878 3544 1034 3623 praetore,
1043 3474 1133 3620 pquia

883 3642 919 3695 3*
