2600 3908
171 185 236 248 134
277 186 324 240 uu
345 170 597 242 oomvi'suuc.
616 188 711 241 uuus
732 187 904 242 cousum.
925 187 1049 241 sumus
1068 187 1186 243 cuum

170 372 278 430 cupare
306 373 366 413 non
394 354 555 415 dubitavit.
602 354 723 415 Servius
751 355 804 414 ubi
832 356 850 414 1.
872 357 891 414 l.
921 355 956 414 de
980 350 1082 416 ‘titulo
1106 355 1185 433 logis

168 437 317 520 Papiriuc’
341 443 483 521 loquitur,
507 463 583 522 quae
608 438 655 503 ‘dc
679 445 742 503 ritu
766 438 931 504 sacrorum'
954 445 1110 520 publicato
1134 447 1184 522 sit,

168 550 228 591 non
251 531 376 611 librum,
399 531 453 592 scd
475 537 567 610 caput
589 533 654 592 cius
678 533 824 610 designat.

559 702 616 774 [De
633 703 779 772 terminio]

256 806 296 868 1⁵.
330 801 465 885 Dionyu
489 802 519 884 3,
540 803 591 868 74.
617 838 655 848 -
681 801 702 884 ἡ
730 788 806 884 περὶ
832 807 910 879 τοὺς
933 803 1093 887 ὁρισμοὺς
1114 816 1183 870 τῶν

168 893 316 974 κτήσεων
342 894 533 974 νομοθεσία.
585 891 742 967 κελεύσας
770 940 804 956 ..
832 889 956 979 ἑκάστω
979 893 1183 977 περιγράψαι

167 981 228 1062 τὴν
257 977 377 1044 ἑαυτοῦ
403 988 520 1062 κτῆσιν
547 978 602 1043 καὶ
630 989 746 1062 στῆσαι
770 984 888 1056 λίθους
912 979 964 1045 ε’πὶ
987 994 1056 1058 τοῖς
1080 983 1182 1066 ὅροις,

168 1068 278 1153 ἱερούς
300 1066 470 1146 ἀπέδειξεν
493 1068 589 1152 ὁρίου
609 1071 693 1145 Διὸς
715 1072 792 1146 τοὺς
815 1074 933 1146 λίθους
952 1121 959 1134 .
975 1119 1004 1133 ..
1023 1073 1054 1135 εί
1076 1071 1116 1136 δέ
1132 1095 1183 1148 τις

165 1154 361 1240 ἀφανίσειεν
380 1155 400 1240 ἢ
420 1161 578 1243 μεταθείη
596 1161 676 1234 τοὺς
695 1157 803 1243 ὅρους,
825 1159 916 1242 ίερδν
936 1157 1182 1245 ἐνομοθέτησεν

165 1241 253 1311 εἶναι
276 1254 336 1312 τοῦ
358 1251 443 1311 θεοῦ
465 1248 525 1311 τὸν
548 1247 675 1311 τούτων
698 1271 730 1311 τι
754 1248 1028 1332 διαπραξάμενον.

256 1335 298 1399 1¹³.
324 1334 348 1398 F
349 1340 407 1399 est.
426 1358 456 1419 p.
472 1335 547 1401 368.
562 1372 604 1383 -—
618 1335 770 1401 Termino
790 1359 882 1402 sacra
901 1337 1073 1416 faciebant,
1093 1339 1180 1422 quod

164 1423 199 1488 in
226 1423 295 1488 eius
323 1424 427 1488 tutela
450 1424 531 1488 fines
555 1445 707 1510 agrorum
731 1447 802 1490 esso
826 1427 993 1509 putabant.
1040 1427 1180 1512 denique
1290 1497 1291 1500 ,

163 1509 274 1577 Numa
291 1511 471 1598 Pompilius
494 1516 620 1598 statuit,
643 1536 716 1579 eum
735 1515 790 1600 qui
808 1516 984 1580 terminum
1003 1519 1180 1594 exorasset,

163 1605 196 1666 et
218 1601 325 1686 ipsum
348 1605 380 1667 et
403 1603 503 1668 boves
527 1624 637 1668 sacros
660 1624 739 1668 csso.

430 1777 487 1849 [Dc
501 1779 595 1847 patris
611 1779 738 1844 familias
753 1779 906 1846 potestate]

251 1887 280 1952 2.
306 1886 439 1971 Βίοογε.
459 1887 488 1963 2,
504 1887 556 1951 25.
581 1924 619 1934 -
640 1884 675 1948 Ὁ
700 1883 737 1950 δὲ
756 1885 919 1970 Ῥωμύλος
942 1936 971 1952 ..
995 1887 1053 1952 ἕνα
1073 1893 1178 1953 ..νά-

165 1999 229 2058 μον
253 1974 591 2058 ..καταστησάμενος
618 1977 665 2051 είς
692 1976 916 2059 σωφροσύνην
940 2026 969 2040 ..
992 1979 1093 2060 ἤγαγε
1121 1980 1179 2054 τάς

164 2074 332 2146 γυναῖκας.
378 2059 420 2146 ἦν
449 2059 486 2126 δὲ
513 2065 643 2128 τοιόσδε
671 2063 689 2128 ὁ
718 2068 832 2147 νόμος·
863 2077 1004 2147 γυναῖκα
1032 2069 1179 2150 γαμετὴν

162 2154 224 2235 τὴν
250 2153 330 2216 κατὰ
354 2152 480 2235 γάμους
503 2153 613 2236 ίεροὺς
635 2159 868 2218 συνελθοῦσαν
891 2152 989 2238 ἀνδρὶ
1012 2158 1178 2222 κοινωνὸν

164 2239 319 2305 ἀπάντων
342 2237 428 2305 εἶναι
451 2241 626 2326 χρημάτων
649 2265 683 2306 τε
707 2240 761 2306 καὶ
785 2243 893 2327 ίερῶν.

251 2359 295 2420 Cf.
319 2361 355 2420 D.
375 2365 426 2440 23,
445 2363 475 2438 2,
495 2364 522 2422 1.
563 2362 748 2422 Modestinus
773 2363 850 2424 libro
873 2365 970 2441 primo
989 2365 1176 2442 Regularum

162 2441 208 2530 (P.
225 2445 312 2528 180).
344 2449 476 2526 Nuptiae
496 2454 565 2510 sunt
581 2451 749 2512 coniunctio
764 2453 857 2512 muris
873 2455 904 2512 ct
917 2453 1047 2512 feminac
1062 2458 1093 2513 et
1106 2472 1175 2514 con·
1227 2475 1231 2483 ’

161 2539 289 2598 sortium
304 2540 407 2599 omnis
430 2541 517 2614 vitae,
541 2539 635 2601 divini
654 2544 684 2600 ct
701 2541 826 2600 humani
844 2541 919 2600 iuris
938 2541 1174 2603 communicatio.

250 2659 279 2724 3.
312 2657 474 2723 Plutarch.
500 2658 594 2724 Rom.
617 2661 669 2724 22.
700 2697 738 2706 -
759 2657 885 2743 Ἔθηκε
913 2657 950 2724 δὲ
973 2659 1028 2726 καὶ
1051 2664 1177 2746 νόμους

160 2747 254 2823 τινάς
282 2745 315 2833 (δ
333 2744 527 2834 Ῥωμύλος),
556 2742 604 2812 ὧν
632 2750 781 2832 σφοδρὸς
803 2748 864 2832 μέν
888 2748 978 2814 ἐστιν
1001 2751 1019 2816 ὁ
1043 2751 1176 2832 γυναικὶ

162 2837 206 2918 μὴ
236 2836 351 2911 διδοὺς
378 2836 569 2901 ἀπολείπειν
597 2838 720 2920 ἀνδρα,
747 2848 888 2919 γυναῖκα
917 2835 954 2903 δὲ
982 2840 1097 2915 διδοὺς
1124 2840 1175 2905 ἑκ-

161 2924 298 3006 βάλλειν
321 2922 374 2988 έπὶ
397 2929 583 3010 φαρμακείᾳ
606 2925 732 2991 τέκνων
754 2926 774 3009 ἢ
793 2931 933 2991 κλειδῶν
951 2927 1100 3012 ὑποβολῇ
1120 2928 1175 2994 καὶ

162 3019 411 3096 μοιχευθεῖσαν·
435 3015 466 3077 εἰ
483 3010 514 3077 δ’
532 3015 640 3090 άλλως
657 3038 707 3090 τις
725 3013 963 3099 ἀποπέμψαιτο,
982 3027 1039 3098 τῆς
1057 3017 1173 3095 οὐσίας

161 3099 264 3165 αὐτοῦ
287 3103 324 3166 τὸ
347 3097 408 3186 μὲν
431 3111 487 3187 τῆς
510 3106 667 3185 γυναικὸς
690 3098 786 3186 εἶναι,
808 3107 846 3169 τό
866 3106 902 3169 δε
921 3114 977 3187 τῆς
996 3109 1174 3190 Δήμητρος

162 3190 253 3275 ίερὸν
283 3191 441 3256 κελεύων·
473 3193 534 3257 τὸν
562 3189 592 3255 δ’
621 3190 829 3276 ἀποδόμενον
857 3206 998 3276 γυναῖκα
1025 3197 1173 3260 θύεσθαι

160 3281 314 3365 χθονίοις,
333 3285 434 3356 θεοῖς.

249 3371 279 3434 4.
309 3369 442 3452 Dionys,
467 3370 497 3452 2,
516 3371 568 3434 27.
591 3407 633 3416 -
657 3367 782 3435 ἐκτῶν
805 3375 905 3455 Νομᾶ
929 3422 959 3436 ..
982 3376 1111 3457 νόμων,
1136 3374 1172 3438 έν

162 3449 212 3534 οἷς
238 3455 293 3523 καὶ
321 3453 418 3534 οὗτος
445 3456 637 3545 γέγραπται·
666 3458 723 3524 ε’ἀν
751 3463 857 3544 πατὴρ
885 3463 947 3549 vici
975 3467 1172 3548 συγχωρήση

133 3620 135 3626 λ
161 3558 303 3630 γυναῖκα
330 3546 528 3633 ἀγαγέσθαι,
556 3550 720 3615 κοινωνὸν
748 3548 910 3634 ἐσομένην
938 3551 1037 3636 ίερῶν
1059 3550 1173 3618 τεκαὶ
