2588 3908
162 167 224 230 188
267 167 312 222 VI.
334 167 466 222 OCTAVI
484 166 581 223 stuc.-
600 167 696 222 IURIS
715 167 887 223 CONSULT.
905 117 1031 222 SDRIES
1052 167 1169 222 PRIMA

249 335 323 394 Dum
347 335 441 413 igitur
464 335 543 412 quod
562 333 656 394 Cinna
679 336 790 413 scribit,
814 355 882 395 oum
905 337 1037 412 eoquod
1058 335 1170 394 Sabino

160 425 308 501 placebat,
331 444 390 484 non
413 425 577 496 conveniat,
602 427 656 483 aut
678 425 818 483 mendum
840 425 944 484 subest
963 417 1032 502 (pro
1051 418 1170 484 ‘absen-

160 509 233 572 tem'
253 513 285 572 P.
300 513 397 572 Faber
415 507 547 572 ‘absens’
566 513 664 590 legere
683 506 814 592 mavult)
834 517 887 572 aut
904 512 1014 572 Cinnae
1034 517 1170 589 tempore

161 602 220 661 alio
243 603 307 660 iure
331 603 496 662 utebantur
517 605 606 679 atque
631 602 710 679 quod
733 601 861 660 Sabinus
885 601 1007 662 statuit:
1034 602 1067 660 id
1090 601 1170 677 quod

161 689 256 768 magis
279 691 389 766 placet.

571 762 618 820 De
640 763 760 820 dotibus.

250 863 301 928 64.
324 862 363 926 D.
378 863 430 943 23,
445 864 475 945 3,
493 862 583 948 79,1.
611 861 721 927 Labeo
739 862 823 926 libro
843 865 934 927 sexto
953 863 1171 945 posteriorum

162 950 351 1016 aIavoleno
370 953 619 1034 epitomatorum
635 949 683 1035 (P.
698 947 787 1037 221).
821 949 917 1014 Pater
935 950 1020 1014 filiae
1039 951 1170 1015 nomine

162 1044 290 1104 eentum
324 1039 391 1103 doti
423 1041 469 1104 ita
502 1037 609 1122 dixit1,
641 1062 714 1104 oum
746 1039 1043 1104 commodissimum
1075 1043 1169 1104 esset.

161 1126 274 1193 Ateius
294 1127 424 1211 scripsit
443 1126 589 1193 Servium
609 1128 821 1212 respondisse,
844 1151 915 1192 eum
938 1129 1080 1213 primum
1100 1127 1169 1192 sine

161 1216 361 1300 turpitudine
386 1220 419 1280 et
441 1216 575 1281 infamia
598 1218 668 1281 dari
690 1215 807 1300 possit,
831 1217 949 1280 deberi.

234 1327 247 1373 1
268 1319 457 1374 Tritonianus
473 1320 611 1389 promisit.
728 1348 731 1356 ·

250 1419 314 1484 65?
337 1420 375 1484 D.
391 1421 482 1507 23,4,
494 1421 544 1488 19.
567 1421 703 1486 Alfenus
718 1419 802 1485 libro
816 1420 913 1486 tertio
928 1419 1135 1504 Digestorum
1150 1442 1170 1483 a

161 1509 262 1573 Paulo
278 1510 527 1592 epitomatorem
540 1507 587 1594 (P.
598 1507 665 1596 57).
694 1509 791 1574 Aliud
806 1513 865 1594 est,
879 1509 906 1572 si
921 1512 1013 1593 pater
1027 1531 1087 1592 pro
1102 1509 1169 1572 filia

162 1598 270 1662 dotem
288 1599 448 1683 promisit,
472 1603 508 1662 ut
527 1622 634 1664 annua
654 1599 740 1662 bima
754 1599 851 1662 trima
868 1598 1036 1682 quadrima
1057 1599 1167 1681 quinto

162 1708 246 1751 anno
266 1687 324 1752 dos
344 1710 363 1750 a
382 1710 416 1750 se
434 1689 629 1770 redderetur,
648 1693 680 1750 et
699 1689 858 1770 convenit,
881 1691 918 1750 ut
935 1687 1037 1750 isdem
1056 1687 1166 1750 diebus

162 1776 220 1840 dos
248 1778 355 1842 soluto
379 1777 585 1841 matrimonio
613 1775 812 1840 redderetur:
844 1777 905 1840 hoo
929 1775 1014 1838 enim
1037 1779 1166 1858 paetum

162 1866 208 1928 ita
222 1865 320 1950 valet,
342 1865 369 1930 si
387 1865 473 1950 patri
492 1865 558 1928 filia
576 1865 670 1928 heres
689 1865 868 1928 exstitisset
888 1871 920 1928 et
935 1865 1167 1928 interveniente

162 1975 199 2017 ea
221 1959 353 2036 paetum
376 1958 571 2018 conventum
594 1953 700 2016 fuerit.

250 2055 360 2114 Utrum
384 2055 479 2114 Servii
502 2075 541 2113 an
558 2055 660 2114 Alfeni
683 2055 731 2115 uel
755 2055 844 2114 Pauli
866 2075 1041 2132 responsum
1065 2055 1169 2130 subsit,

161 2144 193 2202 in
219 2143 333 2202 incerto
355 2143 550 2220 relinquitur.
596 2144 632 2202 de
661 2144 730 2203 dote
754 2145 856 2222 legata
878 2165 905 2205 v.
930 2164 1021 2220 supra
1043 2165 1072 2220 p.
1097 2147 1168 2204 171.

252 2244 303 2307 66.
327 2243 363 2306 D.
379 2244 430 2326 24,
440 2243 470 2329 3,
481 2244 522 2308 66
533 2266 580 2327 pr.
609 2243 779 2308 Iavolenus
799 2245 882 2310 libro
902 2250 992 2309 sexto
1012 2267 1050 2308 ex
1065 2249 1169 2328 poste·

162 2332 302 2396 rioribus
321 2330 482 2396 Labeonis
502 2330 658 2420 (11221).
693 2332 733 2397 In
752 2333 801 2396 his
821 2335 926 2417 rebus,
945 2356 1023 2416 quas
1042 2339 1170 2418 praeter

133 2497 135 2500 ¹
163 2424 366 2486 numeratam
389 2422 558 2505 pecuniam
582 2423 650 2486 doti
671 2423 720 2486 vir
738 2421 846 2505 habet,
869 2421 979 2486 dolum
998 2423 1119 2487 malum
1138 2427 1171 2486 et

162 2511 291 2594 eulpam
320 2532 393 2574 eum
417 2515 582 2594 praestare
611 2516 760 2595 oportere
785 2509 913 2574 Servius
938 2512 992 2576 ait.
1038 2534 1077 2576 ea
1100 2533 1170 2575 sen·

163 2601 266 2666 tentia
288 2598 397 2664 Publii
420 2600 518 2666 Muoii
541 2605 590 2664 est
613 2650 643 2665 ..

251 2703 287 2762 ef.
311 2721 402 2778 supra
424 2723 452 2778 p.
473 2706 523 2764 32.

252 2803 371 2868 6111
391 2805 443 2888 23,
462 2806 491 2884 3,
511 2805 561 2868 79.
601 2803 708 2869 Labeo
732 2805 815 2868 libro
840 2809 931 2869 sexto
955 2805 1169 2888 posteriorum

163 2891 349 2956 aIavoleno
368 2893 418 2974 epi
420 2855 616 2956 tbmatorum
631 2889 679 2980 (P.
694 2893 756 2956 221
743 2889 783 2977 1.)
816 2894 905 2957 Avus
919 2893 1026 2977 neptis
1040 2893 1171 2957 nomine
1277 2903 1278 2926 ¹

163 2981 301 3044 filiot
244 2985 301 3042 nat
303 3001 339 3042 ae
354 3001 472 3064 genero
488 2980 595 3044 dotem
611 2981 699 3044 dedit
713 2987 746 3044 et
759 2983 904 3088 moritur.
927 2986 1026 3064 negat
1040 2980 1170 3047 Servius
1277 3017 1278 3062 }

164 3068 220 3134 dot
206 3073 273 3131 tem
299 3067 339 3130 ad
362 3072 488 3150 patrem
511 3069 639 3134 reverti.
1277 3081 1278 3090 ’

340 3234 387 3292 De
409 3234 659 3293 donationibust
633 3238 659 3292 11
681 3235 720 3293 ad
743 3235 830 3308 1191111
854 3233 991 3294 0111111111.

254 3345 306 3410 68.
325 3343 364 3408 D.
373 3345 426 3421 24,
438 3345 466 3420 1,
481 3344 572 3420 38,1.
601 3343 736 3408 Alfenus
750 3344 835 3408 libro
849 3345 946 3408 tertio
961 3345 1169 3429 Digestorum

165 3456 184 3497 a
206 3433 308 3497 Paulo
333 3433 583 3517 epitomatorum
601 3431 650 3516 (P.
670 3431 736 3516 59).
772 3433 862 3496 Idem
885 3434 964 3496 iuris
987 3454 1057 3516 esse,
1081 3435 1109 3498 si
1132 3455 1170 3497 ox

164 3522 268 3586 tribus
291 3521 446 3586 fratribus
470 3543 551 3584 unus
577 3543 708 3585 uxorem
730 3522 865 3586 haberet
888 3525 921 3584 et
944 3543 1011 3585 rem
1031 3543 1170 3587 eommu-
1277 3575 1278 3614 ,
