2614 3914
463 203 487 252 2.
511 197 628 253 AULUS
647 197 786 254 orimus
1061 198 1127 263 345

213 363 294 425 Ofilii
317 365 496 440 sententiaa,
519 383 596 440 quae
618 365 674 424 hae
697 366 733 425 de
756 384 788 425 re
811 366 986 444 traduntur,
1009 369 1138 426 tantum.

121 454 162 514 ad
189 473 299 530 equum
326 453 481 514 venditum
508 454 667 530 pertinent.
717 454 753 513 de
780 473 856 532 equo
884 454 976 514 etiam
1002 455 1034 513 in
1062 455 1129 532 lege

121 543 245 621 Aquilia
269 542 444 619 explicanda
462 539 584 602 Ofilium
606 543 734 602 seribere
757 561 863 604 moneo
887 535 936 623 (D.
953 546 981 620 9,
997 546 1026 621 2,
1042 547 1070 622 9,
1086 538 1128 625 3).

213 646 242 710 1.
260 644 362 728 D.21,
373 643 402 727 1,
416 644 468 727 38,
480 645 508 708 7.
526 643 615 708 Idem
629 640 818 730 (Ulpianus)
834 643 918 709 libro
934 645 1074 710 secundo
1089 646 1130 709 ad

122 733 265 799 edietum
288 732 439 798 aedilium
464 733 621 797 curulium
644 730 693 818 (P.
707 732 819 818 1792).
930 733 1015 798 idem
1035 731 1129 818 (an-

121 823 185 887 lius
206 817 360 908 Sabinus)
384 821 484 886 refert
501 819 632 886 Ofilium
656 821 856 886 existimasse
875 843 992 906 equum
1011 826 1130 888 eastra-

122 916 193 976 tum
212 933 326 974 sanum
344 931 415 974 esse
434 909 543 990 [aienti
562 910 661 994 spado
680 932 806 996 quoque
825 932 921 975 sanus
939 912 1012 993 est],
1031 911 1130 976 sedai

122 1003 252 1086 emptor
265 998 438 1084 ignoravit,
451 998 601 1064 venditor
615 999 686 1083 soit,
701 1020 740 1064 ex
754 1002 861 1082 empto
876 1019 945 1064 ease
960 999 1130 1065 actionem.

213 1089 243 1154 2.
271 1087 310 1152 D.
330 1088 382 1167 21,
404 1090 431 1171 1,
450 1089 479 1153 8.
516 1086 676 1170 Ulpianus
700 1087 782 1153 libro
806 1089 911 1174 primo
934 1088 975 1152 ad
993 1087 1132 1153 edietum
1183 1125 1184 1128 =
1257 1088 1260 1096 '

122 1175 276 1242 aedilium
304 1176 464 1241 curulium
486 1174 538 1261 (P.
558 1173 683 1263 1760‘1).
729 1175 763 1241 Si
791 1177 841 1241 eui
869 1177 982 1262 lingua
1007 1178 1133 1242 abscisa

122 1268 176 1350 sit,
199 1288 242 1331 an
265 1287 363 1330 sanus
387 1286 457 1329 esne
480 1265 635 1349 videatur,
659 1265 831 1349 quaeritur.
873 1269 906 1329 et
929 1269 1035 1330 exstat
1052 1266 1132 1331 haee

123 1355 270 1442 quaestio
299 1353 384 1438 apud
408 1352 538 1418 Ofilium
565 1355 668 1418 relata
695 1354 780 1438 apud
808 1375 881 1419 eum
905 1353 941 1418 in
964 1376 1060 1439 equo:
1084 1355 1131 1418 ait

124 1444 212 1509 enim
234 1443 320 1508 hune
342 1441 445 1507 videri
467 1463 533 1507 non
556 1463 625 1506 esse
649 1465 772 1508 sanum.

432 1599 477 1654 De
494 1599 640 1668 menapiis
657 1599 818 1655 unedmedis.

212 1705 249 1764 In
276 1705 374 1765 edioto
402 1704 545 1764 aedilium
573 1703 736 1781 curulium,
763 1723 823 1780 qua
849 1709 935 1780 parte
963 1705 999 1764 de
1021 1705 1131 1764 manci-

123 1795 181 1873 piis
208 1789 376 1856 vendundis
408 1796 530 1853 uantum
560 1796 620 1871 est,
647 1793 792 1870 seriptum
819 1793 862 1853 sie
890 1793 961 1852 fuit:
995 1787 1132 1853 ‘Titulus

124 1884 305 1960 scriptorum
324 1883 511 1961 singulorum
530 1882 659 1958 scriptus
678 1883 726 1956 sit,
744 1885 848 1941 curato
867 1881 920 1959 ita,
941 1885 977 1941 ut
994 1881 1132 1960 intellegi

124 1977 205 2033 reete
229 1971 331 2049 possit,
355 1971 428 2048 quid
451 1971 548 2031 morbi
571 1971 675 2032 vitiive
698 1971 804 2048 auique
827 1970 876 2047 sit,
889 1971 966 2047 'quis
985 1971 1130 2048 fugitivus

124 2080 230 2122 errore
253 2061 293 2120 sit
314 2079 428 2120 noxave
451 2060 568 2120 solutus
590 2078 650 2119 non
673 2054 732 2120 sit'.
770 2059 846 2119 Gall.
862 2061 891 2135 4,
907 2062 936 2140 2,
952 2061 979 2120 1.

215 2170 243 2228 3.
272 2160 310 2227 D.
329 2162 381 2242 21,
401 2161 430 2245 1,
449 2162 478 2227 8.
513 2157 670 2244 Ulpianus¹
694 2161 777 2226 libro
801 2161 905 2244 primo
929 2161 969 2225 ad
992 2161 1131 2226 edietum

126 2251 276 2317 aedilium
305 2250 464 2315 curulium
487 2245 535 2336 (P.
553 2246 676 2336 17600).
722 2247 837 2314 Ofilius
866 2250 926 2332 ait,
954 2249 982 2314 si
1009 2248 1133 2314 homini

125 2340 247 2425 digitus
267 2339 309 2402 sit
327 2339 472 2403 abscisus
491 2337 668 2403 membrire
688 2339 763 2422 quid
783 2337 968 2420 laceratum,
986 2339 1132 2423 quamvis

125 2428 359 2510 consonaverit,
378 2428 406 2492 si
423 2431 533 2492 tamen
552 2426 594 2492 ob
614 2449 683 2499 eam
700 2448 767 2490 rem
786 2448 824 2492 eo
840 2427 945 2491 minus
959 2427 1007 2491 uti
1021 2427 1134 2512 possit,

124 2538 191 2582 non
213 2515 315 2581 videri
338 2538 452 2580 sanum
477 2536 553 2580 esse.

214 2607 244 2671 4.
267 2603 308 2671 D.
326 2606 378 2690 21,
393 2606 422 2687 1,
438 2605 477 2670 17
490 2626 536 2688 pr.
560 2601 719 2686 Ulpianus
738 2602 813 2667 ibid.
833 2599 882 2690 (P.
899 2600 1022 2687 UOD).
1050 2601 1134 2678 Quid

127 2694 171 2759 sit
198 2693 369 2778 fugitivus,
397 2693 509 2757 definit
537 2690 664 2756 Ofilius:
691 2691 848 2776 fugitivus
877 2695 939 2772 est,
964 2691 1019 2775 qui
1043 2697 1134 2755 extra
1228 2711 1231 2716 ·

126 2783 249 2848 domini
273 2782 402 2848 domum
424 2781 521 2866 fugae
545 2802 652 2865 causa,
675 2801 738 2864 quo
762 2801 795 2844 se
817 2802 837 2844 a
855 2779 985 2845 domino
1006 2780 1134 2857 celaret,

124 2871 256 2937 mansit.

370 2989 422 3051 IV.
454 2989 551 3050 Iuris
573 2989 707 3066 partiti
729 2989 817 3049 libri

215 3114 263 3174 Ab
290 3113 379 3174 unioo
402 3114 544 3191 Ulpiano,
571 3114 610 3172 ab
638 3133 672 3174 eo
699 3132 771 3174 vero
798 3113 867 3190 plus
896 3115 987 3174 semel
1010 3114 1041 3173 hi
1064 3114 1135 3173 libri

125 3205 291 3264 laudantur
308 3196 359 3284 (D.
375 3205 426 3281 32,
442 3206 492 3281 55,
509 3206 540 3262 1:
565 3197 683 3262 ‘Ofilius
705 3221 822 3279 quoque
841 3202 918 3262 libro
937 3203 1041 3278 quinto
1059 3203 1134 3261 iuris

125 3293 233 3371 partiti
255 3293 300 3351 ita
323 3286 463 3368 scripsit’.
504 3291 574 3350 ibid.
594 3289 664 3366 §42
692 3286 810 3350 ‘Ofilius
832 3290 910 3350 libro
933 3291 1037 3367 quinto
1059 3291 1134 3349 iuris

125 3373 270 3464 partiti').
301 3380 447 3441 librorum
465 3399 573 3440 nomen
590 3380 621 3438 in
639 3379 814 3439 memoriam
831 3383 951 3438 revocat
970 3382 1033 3438 tam
1052 3377 1134 3437 Sexti

125 3471 209 3531 Aelii
222 3470 386 3554 Tripertita
401 3460 507 3552 (supra
526 3488 553 3544 p.
570 3461 626 3550 15)
645 3487 734 3544 quam
751 3467 843 3528 verba
861 3466 968 3544 quibus
987 3465 1134 3543 Ulpianus

124 3561 158 3619 in
185 3559 429 3619 Institutionibus
458 3551 721 3639 (D.1,1,1,1)
749 3556 861 3616 utitur:
892 3549 1059 3632 ‘privatum
1087 3556 1134 3616 ius
