2600 3908
330 219 355 267 r.
379 209 565 278 uuuerus
584 209 957 266 assuescerent
1005 191 1007 194 ’
1105 210 1147 274 93
1222 257 1236 298 ·.

140 381 262 459 actum,
288 375 490 440 venditorem
513 372 618 438 teneri
641 394 709 437 non
730 395 839 458 posse,
866 373 932 438 nisi
954 373 1149 438 nominatim

139 466 256 530 dixerit
270 486 473 530 accessurum
486 463 549 527 iter
562 462 613 527 vel
628 467 751 526 aetum:
765 468 841 526 tunc
856 462 944 526 enim
957 463 1060 526 teneri
1074 484 1147 526 eum

140 554 194 638 qui
216 554 264 619 ita
287 553 413 618 dixerit
454 556 487 616 et
508 571 586 616 vera
604 554 654 614 est
673 549 785 626 Quinti
802 549 904 614 Mucii
922 551 1090 634 sententia,
1113 555 1150 614 ut

140 642 195 726 qui
209 643 366 726 optimum
383 644 622 723 maximumque
635 638 770 704 fundum
781 637 996 721 canaparia,
1011 640 1149 704 liberum

139 734 298 816 praestet,
320 751 386 795 non
410 729 508 795 etiam
531 728 640 794 deberi
663 729 743 792 alias
767 729 939 792 servitutes
962 725 1032 794 ...θ

230 833 308 893 Cum
320 834 438 892 Mucius
453 832 489 890 de
504 851 540 891 ea
553 835 672 891 tantum
687 831 832 891 servitute
847 831 952 910 egerit,
967 850 1043 908 quae
1057 832 1150 891 fundo

140 924 177 982 ut
200 940 275 983 onus
297 922 443 995 inhaeret,
469 921 668 982 Tribonianus
692 920 772 996 apud
795 919 976 980 Venuleium
999 921 1091 980 etiam
1113 920 1150 980 de

139 1012 195 1070 illa
217 1010 347 1089 disserit,
370 1029 447 1087 quae
470 1009 562 1069 fundo
585 1013 621 1068 ut
644 1008 831 1069 commodum
850 1027 966 1068 annexa
984 1012 1031 1069 est
1049 1009 1151 1086 itaque

140 1100 234 1159 Mucii
257 1100 435 1160 sententiam
459 1098 601 1174 corrupit.
642 1098 817 1158 Triboniani
838 1116 945 1158 manus
967 1098 999 1157 in
1021 1098 1151 1158 dictione
1266 1119 1268 1126 ’

140 1189 261 1249 videtur
284 1187 467 1264 deprehendi
491 1180 564 1269 (ruisi
586 1192 619 1246 ut
641 1231 671 1247 ..
693 1190 719 1247 ei
741 1205 808 1247 cero
831 1230 860 1246 ..
883 1190 943 1247 reici
965 1229 996 1247 ..
1018 1182 1100 1268 rusa).

229 1289 274 1355 b?
302 1290 341 1354 D.
361 1289 417 1372 18,
438 1289 546 1372 l,66,
566 1291 594 1353 1.
644 1287 841 1371 Pomponius
869 1289 953 1354 libro
980 1288 1150 1372 trigesimo

139 1379 247 1464 primo
265 1378 306 1443 ad
321 1377 357 1454 Q.
371 1377 513 1444 Mucium
530 1375 580 1462 (P.
595 1373 685 1464 303).
719 1376 754 1441 Si
766 1374 847 1459 quo⁸
861 1378 998 1442 servitus
1012 1378 1151 1443 venditis

141 1466 282 1552 praediis
306 1467 477 1532 deberetur
499 1488 558 1531 nec
581 1466 882 1531 commemoraverit
905 1466 1067 1549 venditor,
1095 1466 1152 1531 sed

142 1557 248 1621 sciens
276 1578 348 1621 esse
372 1556 551 1638 reticuerit,
583 1559 616 1618 et
645 1555 687 1618 ob
715 1553 747 1618 id
776 1577 832 1638 per
859 1557 1078 1639 ignorantiam
1106 1555 1152 1620 rei

143 1650 270 1728 emptor
290 1667 356 1710 non
375 1644 495 1710 utendo
508 1665 567 1726 per
585 1640 761 1708 biennium*
779 1664 850 1708 eam
870 1643 1056 1716 servitutem
1075 1645 1152 1708 ami·

143 1737 230 1814 serit,
254 1733 385 1819 quidam
403 1737 491 1798 recte
509 1736 627 1816 putant
644 1731 843 1796 venditorem
863 1732 1024 1796 tenerier
1043 1737 1151 1815 empto

141 1824 183 1888 ob
208 1823 327 1888 dolum.

232 1912 261 1977 6.
286 1912 324 1977 D.
343 1913 392 1995 18,
409 1915 436 1994 1,
451 1911 503 1996 66,
517 1912 546 1977 2.
571 1910 769 1994 Pomponius
783 1908 859 1974 ibid.
875 1907 1012 1984 Quintus
1027 1908 1151 1976 Mucius

144 1999 273 2066 scribit:
293 2000 355 2077 Qui
371 2001 501 2084 scripsit
515 1999 601 2065 ‘ruta
614 2021 708 2064 caesa
722 2020 867 2084 quaeque
882 1999 1008 2064 aedium
1022 1998 1152 2064 firndive

143 2111 209 2154 non
233 2088 326 2154 sunt'
350 2091 399 2154 bis
423 2089 508 2153 idem
533 2089 697 2172 scriptum.

233 2190 326 2263 Quae,
339 2195 519 2269 sequuntur:
542 2185 625 2250 ‘narn
647 2195 717 2250 ruta
739 2209 827 2251 caesa
849 2210 885 2250 ea
904 2195 982 2269 sunt,
1006 2210 1083 2269 quae
1101 2211 1152 2252 ne·

145 2300 202 2357 que
226 2280 344 2340 aedium
367 2299 464 2358 neque
487 2281 573 2340 fundi
596 2273 688 2357 sunt'‚
710 2300 770 2340 non
793 2281 898 2354 Mucii,
921 2281 973 2340 sed
995 2281 1153 2358 Pomponii

142 2387 206 2428 esse
230 2373 365 2446 apparet.
743 2405 745 2409 ,

461 2468 517 2539 [De
535 2469 680 2522 arboribus
697 2467 835 2539 caeditis]

234 2570 263 2633 7.
287 2568 326 2633 D.
342 2569 394 2654 19,
410 2572 437 2649 1,
451 2569 504 2634 40.
538 2566 735 2652 Pomponius
754 2568 839 2633 libro
858 2568 1026 2654 trigesimo
1046 2569 1152 2652 primo

146 2658 185 2722 ad
200 2656 236 2734 Q.
247 2657 389 2722 Mucium
404 2655 453 2745 (P.
463 2652 553 2742 306).
585 2656 740 2738 [Quintus
754 2655 879 2722 Mucius
898 2657 1024 2738 scribit]
1044 2655 1153 2722 Domi-

145 2769 205 2811 nus
237 2745 330 2811 fundi
362 2745 401 2810 de
432 2745 564 2831 praedio
595 2746 726 2810 arbores
744 2748 877 2810 'stantes
905 2745 1093 2811 vendiderat
1121 2753 1154 2812 et

146 2835 273 2919 probis
292 2835 387 2900 rebus
406 2830 628 2922 (arboribusi)
647 2832 815 2918 pecuniam
834 2835 959 2919 accepit
976 2839 1010 2916 et
1026 2835 1153 2901 tradere

145 2924 287 2989 nolebat.
315 2927 442 3008 emptor
461 2923 646 3008 quaerebat,
665 2923 739 3008 quid
760 2945 794 2988 se
813 2923 918 2989 facere
938 2928 1102 3008 oporteret
1121 2931 1154 2992 et

145 3013 316 3166 verapatur
340 3013 373 3093 Q.
389 3012 527 3097 Muciae,
548 3034 588 3077 ne
606 3011 668 3078 hae
688 3013 820 3078 arbores
839 3013 908 3078 eius
926 3035 993 3079 non
1011 3014 1153 3080 videren-

144 3105 197 3166 tur
233 3107 332 3166 actae.

233 3205 449 3282 Fragmentum
485 3223 503 3264 a
536 3204 717 3265 Tribcniano
753 3208 928 3282 corruptum
965 3225 1030 3266 esee
1062 3226 1158 3284 supra

146 3314 175 3370 p.
195 3295 235 3354 68
261 3293 471 3354 demonstravi.
517 3295 552 3353 of.
580 3293 615 3354 D.
638 3295 694 3372 41,
715 3298 747 3372 1,
767 3297 808 3354 48
835 3289 856 3354 ³.
872 3343 899 3355 ..
924 3295 1078 3371 quaeritur
1101 3341 1153 3355 ..-.

218 3451 232 3499 1
259 3445 448 3502 Trebonianos
469 3445 603 3512 tradidit.⁴
684 3452 700 3502 2
727 3447 793 3500 ‘nisi
813 3448 867 3502 hcc
884 3446 1047 3516 specialiter
1065 3447 1101 3501 ab
1120 3463 1152 3500 eo

148 3531 289 3570 accessum
307 3517 355 3572 sit’
375 3517 561 3572 Triboniaruce
574 3519 682 3573 adiecit.
755 3525 770 3571 3
790 3517 826 3573 F.
841 3532 905 3585 qua.
977 3521 995 3569 4
1016 3517 1090 3572 Trib.
1104 3535 1154 3586 per

147 3588 282 3642 statutum
301 3592 420 3659 tempus.
