2614 3914
179 211 243 277 338
272 213 344 267 VIII.
361 212 495 268 OCTAVI
510 213 608 269 SAEO.
619 213 714 269 lUltIS
730 213 900 288 consum.
912 213 1035 270 spallas
1050 213 1186 269 TERTIA

547 390 591 446 De
608 392 668 446 dote
686 393 812 460 relcpcta.

268 501 317 566 13.
350 499 390 565 D.
409 501 465 583 33,
488 502 524 583 4,
542 501 576 584 6,
597 502 623 566 1.
665 499 774 565 Labeo
806 501 888 566 libro
917 501 1055 566 secundo
1079 507 1185 585 poste·

176 591 299 654 riorum
318 612 337 653 a
356 589 510 654 Iavoleno
530 591 778 674 epitomatorum
793 587 841 675 (P.
858 587 947 676 178).
1046 591 1084 672 ei,
1103 611 1188 674 quae

179 679 287 745 dotem
309 678 432 743 nullam
454 678 609 760 habebat,
634 680 684 743 vir
707 679 752 743 sic
775 679 953 762 legaverat:
977 679 1110 763 ‘quanta
1132 701 1187 762 pe-

177 768 273 832 cunia
300 767 384 832 dotis
412 766 552 832 nominc’
576 766 770 851 etreliqua,
796 765 865 851 ‘pro
889 790 928 832 ea
951 768 1188 853 quinquaginta

177 856 269 921 heres
307 853 404 920 dato'.
463 855 571 919 deberi
608 856 637 920 ei
673 857 817 939 legatum
854 855 967 921 Ofilius
1000 855 1187 941 Cascellius,

177 947 255 1009 item
275 949 307 1008 et
322 943 425 1009 Servii
444 944 605 1008 auditores
625 945 834 1009 rettulerunt:
853 945 984 1028 perinde
1002 945 1186 1009 habendum

178 1055 247 1098 esse
275 1055 311 1098 ac
339 1033 368 1096 si
396 1054 506 1098 servus
535 1033 630 1097 alicui
658 1037 803 1098 mortuus
832 1039 887 1098 aut
914 1055 972 1118 pro
997 1055 1034 1099 eo
1059 1037 1187 1098 centum

177 1123 286 1208 legata
309 1125 425 1186 essent.
769 1127 771 1134 '

302 1287 346 1342 De
363 1288 412 1355 iis,
431 1303 500 1357 qaae
517 1287 568 1342 aab
587 1287 744 1343 condicione
761 1289 802 1343 cel
819 1288 864 1342 die
882 1289 971 1357 legata
988 1295 1060 1343 sunt.

268 1398 317 1461 14.
345 1395 383 1461 D.
403 1396 458 1476 35,
480 1397 512 1479 1,
530 1397 588 1478 40,
605 1397 636 1461 2.
676 1395 765 1460 Idem
793 1395 1001 1483 (Iavolenus)
1029 1396 1114 1462 libro
1139 1421 1187 1464 se·

178 1485 281 1551 cundo
314 1507 352 1548 ex
384 1485 617 1569 posterioribus
649 1483 807 1550 Labeonis
839 1482 889 1572 (P.
909 1484 997 1573 186).
1048 1485 1187 1562 Quidam

178 1575 264 1640 Titio
284 1577 412 1639 centum
432 1575 607 1659 legaverat,
622 1573 734 1638 deinde
753 1574 839 1639 infra
857 1575 904 1640 ita
922 1579 1074 1640 iusserat:
1094 1574 1188 1660 ‘quas

177 1663 330 1748 pecunias
354 1663 467 1748 cuique
491 1663 607 1748 legavi,
631 1683 685 1726 eas
708 1663 801 1726 beres
820 1685 921 1746 meus,
945 1663 972 1727 si
991 1668 1095 1728 mater
1114 1687 1188 1730 mea

177 1753 328 1834 moritur,
356 1750 459 1838 dato',
487 1757 614 1816 mortuo
642 1754 735 1836 patre
763 1750 904 1816 familias
926 1751 1032 1817 Titius
1059 1753 1188 1818 vixerat

178 1847 210 1906 et
228 1842 301 1906 viva
314 1846 414 1905 matre
431 1839 597 1923 [familias]
614 1840 802 1906 decesserat.
836 1847 963 1905 mortua
977 1844 1080 1905 matre
1095 1841 1188 1907 here-

178 1932 272 1996 dibus
296 1931 374 1994 Titii
398 1931 541 2013 legatum
565 1928 674 1992 deberi
698 1927 811 1993 Ofilius
834 1930 1007 2014 respondit,
1034 1931 1187 2013 quoniam

178 2041 244 2084 non
272 2019 331 2083 sub
359 2018 545 2082 condicione
573 2021 658 2080 esset
684 2017 839 2101 legatum,
865 2018 920 2083 sed
944 2023 1019 2083 ante
1041 2019 1187 2104 legatum

177 2130 271 2192 pure,
293 2106 407 2170 deinde
431 2107 498 2170 dies
522 2105 667 2170 solvendi
690 2107 822 2171 adiecta.

268 2195 316 2260 15.
352 2193 392 2258 D.
413 2195 469 2278 30,
492 2195 548 2274 30,
573 2194 601 2258 7.
646 2192 808 2276 Ulpianus
836 2195 919 2260 libro
947 2217 1033 2261 nono
1061 2197 1188 2263 decimo

178 2270 219 2348 ad
250 2283 404 2348 Sabinum
435 2280 484 2370 (P.
504 2279 625 2370 25971).
672 2282 766 2347 Hanc
795 2269 828 2350 .¹.
856 2285 1049 2368 scripturam
1080 2283 1188 2372 (quas

177 2373 330 2456 pecunias
358 2372 476 2457 legavi,
509 2373 625 2456 quibus
654 2371 721 2436 dies
749 2372 916 2457 adpositus
944 2395 1010 2438 non
1039 2380 1102 2458 est,
1131 2397 1187 2440 eas

178 2462 270 2526 heres
299 2482 389 2526 meus
417 2483 524 2526 annua
551 2461 639 2526 bima
666 2461 765 2526 trima
792 2463 842 2526 dic
865 2458 969 2549 dalo')
991 2484 1058 2527 non
1080 2464 1187 2528 solum
1297 2479 1298 2500 l

178 2550 219 2616 ad
250 2550 474 2636 praecedentia
507 2551 575 2615 sola
608 2551 731 2636 legata,
764 2550 820 2614 sed
853 2550 893 2615 ad
923 2553 1074 2616 universa
1104 2573 1187 2636 quae
1297 2577 1298 2630 ς

178 2643 375 2706 testamento
409 2640 570 2724 adscripta
603 2644 690 2724 sunt,
723 2639 850 2704 extendi
883 2639 994 2705 Gallus
1023 2641 1188 2725 Aquillius
1297 2635 1298 2646 ¹

179 2727 294 2794 Ofilius
318 2729 488 2794 Trebatius
513 2728 755 2813 responderunt.

455 2929 502 2987 De
524 2933 686 2987 testamento
708 2930 903 2990 manumissis.

267 3037 317 3102 16.
351 3035 388 3103 D.
406 3037 464 3114 40,
484 3038 517 3120 7,
536 3037 592 3120 39,
613 3041 641 3102 1.
686 3037 856 3102 Iavolenus
885 3039 968 3103 libro
1002 3041 1118 3123 quarto
1148 3062 1187 3104 ex

178 3125 409 3212 posterioribus
436 3124 596 3190 Labeonis
624 3122 674 3213 (P.
696 3123 782 3211 196).
823 3123 964 3192 ‘Stichus
993 3127 1077 3191 liber
1107 3133 1188 3212 esto,

178 3215 305 3300 quando
339 3237 393 3279 aes
428 3214 570 3279 alienum
607 3237 712 3278 meum
755 3216 897 3280 solutum
934 3216 1188 3282 creditoribusve

180 3305 259 3370 meis
284 3304 487 3369 satisfactum
511 3303 593 3368 erit'
639 3304 786 3388 quamvis
809 3305 900 3369 heres
923 3305 1066 3388 locuples
1090 3307 1188 3370 exsti·

179 3394 287 3477 tisset,
319 3398 426 3458 tamon
458 3415 523 3458 non
557 3393 645 3476 prius
679 3392 824 3458 Stichum
860 3393 998 3457 liberum
1031 3393 1189 3480 futurum,

39 3528 58 3533 -
181 3503 277 3564 quam
301 3483 476 3547 creditores
499 3483 668 3567 pecuniam
690 3489 746 3546 aut
765 3483 845 3547 satis
865 3482 1063 3565 accepissent
1081 3483 1188 3548 aliove

180 3590 243 3652 quo
271 3571 367 3636 modo
396 3570 458 3636 sibi
484 3571 651 3656 cavissent,
672 3569 781 3636 Labeo
805 3569 919 3636 Ofilius
942 3570 1187 3654 responderunt.
