2598 3910
432 149 456 198 1.
479 144 510 198 r.
525 142 690 199 nnrnuus
709 144 829 200 vinus
1070 149 1136 213 315

126 306 249 370 domini
272 309 389 389 essent,
413 327 580 372 accessura
603 306 692 372 dixit.
733 307 831 372 etiam
856 330 901 393 ea,
925 332 1007 394 quae
1027 333 1137 377 servus

125 394 180 478 qui
207 395 340 459 fundum
365 396 509 460 coluerat
537 396 665 460 emisset
688 397 878 482 peculiaria,
906 399 1044 482 emptori
1072 421 1137 464 ces·

123 505 199 549 sura
221 484 395 567 respondit.
531 553 533 558 ,

299 617 301 622 .
469 569 513 623 De
531 570 646 624 aedibus
664 571 790 624 uenditis.

214 659 265 725 75.
288 659 326 724 D.
340 662 390 744 18,
402 661 429 744 1,
439 661 491 742 40,
502 661 532 725 6.
554 660 674 726 Paulus
688 661 772 726 libro
787 667 901 745 quarto
918 664 1132 748 epitomarum

122 748 234 814 Alfeni
253 748 463 833 Digestorum
484 746 532 836 (P.
548 751 599 832 62,
615 749 659 836 6).
700 750 788 816 Rota
806 773 942 836 quoque,
960 774 1018 836 per
1036 776 1133 837 quam

1 871 2 904 1
123 859 208 921 aqua
226 838 417 922 traheretur,
435 839 537 902 nihilo
557 840 664 904 minus
683 840 820 904 aedificii
840 845 890 904 est
908 863 1005 926 quam
1026 842 1134 907 situla.

214 927 265 991 76.
298 931 333 990 D.
355 927 408 1008 18,
429 927 462 1007 6,
484 927 534 992 12.
579 927 713 992 Alfenus
744 927 851 994 Varus
881 931 965 995 libro
996 931 1135 997 secundo

1 1015 2 1096 ᾗ
122 1013 332 1100 Digestorum
352 1012 399 1100 (P.
415 1012 482 1102 12).
525 1013 558 1080 si
578 1017 709 1082 vendita
726 1017 834 1082 insula
853 1019 1024 1084 combusta
1042 1024 1136 1102 esset,

1 1101 2 1156 ἶ
95 1111 98 1116 ’
122 1125 197 1168 cum
221 1104 403 1168 incendium
428 1105 496 1168 sine
521 1105 617 1189 culpa
640 1105 710 1170 fieri
732 1127 799 1170 non
821 1107 935 1192 possit,
959 1109 1035 1192 quid
1056 1109 1136 1174 iuris

1 1197 2 1277 ξ
122 1193 189 1256 sit?
234 1192 415 1277 respondit,
443 1193 518 1276 quia
551 1193 619 1257 sine
644 1194 747 1278 patris
775 1195 915 1260 familias
944 1197 1038 1280 culpa
1065 1197 1136 1261 fieri

121 1284 231 1365 potest
257 1303 374 1366 neque,
409 1281 436 1345 ‘si
465 1303 631 1346 servorum
658 1283 864 1368 neglegentia
891 1285 1012 1350 factum
1041 1290 1134 1368 esset,
1182 1297 1185 1302 '

121 1371 277 1434 continuo
315 1370 464 1434 dominus
502 1370 536 1433 in
568 1371 662 1453 culpa
694 1371 767 1453 erit,
805 1393 900 1455 quam
934 1373 975 1438 oh
1007 1395 1074 1437 rem
1108 1376 1135 1439 si

1 1479 2 1488 ¹
121 1459 272 1524 venditor
299 1480 369 1523 eam
394 1459 599 1543 diligentiam
623 1457 823 1524 adhibuisset
845 1462 879 1524 in
901 1461 1007 1526 insula
1030 1467 1136 1527 eusto-

121 1547 247 1630 diendo,
271 1569 368 1632 quarn
392 1547 510 1612 debent
528 1547 676 1612 homines
695 1547 782 1632 frugi
801 1553 834 1612 et
852 1549 1024 1635 diligentes
1043 1574 1134 1635 prae-

121 1639 223 1721 stare,
246 1637 274 1701 si
298 1637 382 1728 quid¹
397 1635 581 1720 accidisset,
603 1635 686 1700 nihil
711 1635 751 1700 ad
775 1659 849 1728 eum
869 1639 1052 1722 pertinebit.

414 1803 458 1856 De
475 1818 551 1858 66600
565 1801 705 1872 peculiari
722 1803 840 1858 vendito.

213 1902 263 1966 77.
291 1899 331 1966 D.
350 1903 406 1986 44,
428 1907 460 1981 1,
482 1903 532 1966 14.
574 1902 710 1966 Alfenus
738 1903 845 1968 Verus
878 1903 962 1968 libro
994 1905 1134 1972 seeundo

121 1989 332 2076 Digestorum
346 1990 396 2077 (P.
413 1987 479 2078 14).
511 1990 614 2056 Filius
633 1991 773 2056 familias
790 1993 983 2076 peculiarem
997 2015 1132 2059 'servum

121 2079 275 2164 vendidit,
298 2080 437 2163 pretium
461 2079 634 2164 stipulatus
653 2084 715 2166 est3
738 2082 766 2145 is
784 2080 882 2146 homo
901 2081 1080 2147 redhibitus
1101 2089 1134 2148 et

121 2173 236 2252 postea
264 2172 410 2232 mortuus
441 2172 498 2233 est.
549 2171 608 2250 [et]
638 2173 731 2252 pater
762 2170 857 2251 [eius]
890 2172 1060 2255 pecuniam
1090 2172 1132 2238 ab

122 2261 267 2340 emptore
290 2259 434 2340 petebat,
460 2279 556 2340 quarn
580 2258 666 2322 filius
690 2258 864 2341 stipulatus
888 2263 965 2325 erat
1011 2261 1134 2343 placuit

122 2367 260 2430 aequum
296 2367 366 2410 esse
402 2345 436 2410 in
471 2345 594 2410 factum
631 2347 851 2430 exceptionem
889 2369 961 2411 eum
994 2349 1133 2416 obicere:

96 2499 99 2504 .
121 2433 219 2518 ‘quod
242 2435 378 2519 pecunia
401 2435 442 2500 ob
465 2434 629 2499 hominem
652 2435 744 2499 illum
767 2437 967 2518 expromissa
990 2441 1055 2521 est,
1079 2439 1135 2524 qui

62 2587 65 2596 ,
121 2523 301 2588 redhibitus
326 2521 397 2588 est’.

469 2609 513 2663 Dr
531 2609 643 2664 bovibus
660 2609 786 2662 venditis.

212 2701 263 2766 66.
291 2699 330 2765 6.
350 2701 384 2785 6,
403 2701 437 2786 r,
456 2701 513 2783 52,
532 2701 562 2765 6.
604 2699 739 2764 Alfenus
768 2699 852 2765 noro
876 2700 1014 2765 seeundo
1038 2700 1134 2790 urge·
1249 2657 1252 2661 ⁵

122 2791 246 2854 storum
271 2786 320 2876 (P.
336 2791 365 2873 7,
379 2790 423 2875 3).
470 2788 608 2865 Quidam
632 2791 730 2854 60666
753 2788 897 2854 vendidit
920 2811 958 2853 ea
979 2789 1062 2876 lege,
1085 2793 1133 2858 ut‘

1 2883 2 2920 1
122 2878 214 2943 daret
236 2879 458 2964 experiundos,
481 2882 596 2962 postea
619 2878 707 2942 dedit
725 2877 950 2962 experiundos,
975 2884 1134 2963 emptoris

122 2989 234 3032 servus
262 2968 296 3030 in
324 2967 518 3050 experiundo
542 2989 711 3051 percussus
735 2968 776 3032 ab
800 2968 903 3032 altero
927 2968 1009 3032 bove
1033 2991 1136 3038 cornu

98 3060 180 3120 ¹est.
240 3057 467 3142 quaerebatur,
507 3079 584 3120 num
621 3057 769 3122 venditor
806 3057 942 3140 emptori
979 3056 1134 3126 damnum

120 3147 289 3227 praestare
312 3145 451 3208 deberet.
497 3145 658 3230 respondi,
682 3145 710 3210 si
733 3149 860 3228 emptor
883 3147 982 3210 boves
1006 3155 1137 3235 emptos
1235 3141 1238 3148 ’

35 3269 38 3274 -
120 3233 268 3318 haberet,
300 3255 367 3298 non
399 3233 514 3298 debere
545 3237 726 3318 praestare,
758 3233 813 3298 sed
846 3233 874 3298 si
905 3254 970 3298 non
998 3233 1139 3305 haberet

1 3381 2 3392 ,
122 3327 263 3406 emptos,
295 3327 379 3406 tum,
411 3323 440 3386 si
473 3323 567 3407 culpa
598 3323 740 3389 hominis
768 3321 890 3386 factum
918 3325 1018 3406 esset,
1050 3331 1090 3400 ut
1118 3349 1139 3391 a

1 3411 2 3490 l
120 3410 204 3476 bove
231 3411 392 3495 feriretur,
421 3432 487 3475 non
515 3413 631 3476 debere
659 3410 833 3498 praestari,
866 3411 894 3476 ei
921 3409 1001 3474 vitio
1031 3413 1140 3498 bovis,

1 3535 2 3542 .
121 3499 246 3565 debere.
