2602 3912
92 182 1034 243 rasurus.-acuantur-esrom,-aauruun
1056 182 1100 246 43

91 351 265 428 Pomponius
293 350 377 428 §40
406 347 542 413 ‘Caelius
570 354 745 430 Antipater,
776 353 829 429 qui
860 351 1001 411 historias
1030 369 1099 411 con·

95 441 212 519 scripsit,
235 441 287 501 sed
305 443 374 518 plus
398 442 586 520 eloquentiae
609 461 699 517 quam
723 441 865 502 scientiae
883 440 958 499 iuris
977 458 1098 516 operam

22 489 30 626 l
94 523 189 590 cerie.
233 530 506 591 seusu-sacae
530 528 641 608 arar,
657 533 685 590 5.

334 861 373 943 3.
412 865 591 939 SEXTUS
620 863 854 940 POMPEIUS

173 1018 223 1079 Gn.
247 1019 383 1096 Pompeii
410 1019 511 1098 magni
538 1022 674 1097 patruus.
721 1017 822 1080 Cicero
845 1018 930 1078 Brut.
955 1020 1011 1097 47,
1033 1021 1094 1079 175

93 1099 203 1168 ‘Sextus
218 1111 312 1168 frater
326 1109 390 1168 eius
405 1101 473 1191 (On.
483 1101 622 1190 Pompei)
636 1107 930 1186 praestantissimum
942 1108 1096 1186 ingenium

93 1198 253 1258 contulerat
276 1198 315 1257 ad
337 1216 485 1257 summam
507 1197 582 1257 iuris
606 1198 702 1258 civilis
725 1203 755 1257 et
778 1197 817 1256 ad
839 1197 1002 1274 perfectam
1025 1216 1094 1273 geo-

91 1287 209 1346 metriae
232 1289 264 1346 et
286 1305 386 1346 rerum
409 1287 572 1347 stoicorum
594 1280 770 1346 scientiam'.
815 1285 998 1362 Pomponius
1017 1283 1093 1361 §44

91 1369 188 1434 ‘etiam
211 1375 319 1435 Sextus
342 1376 503 1452 Pompeius
528 1375 622 1436 Gnaei
643 1375 779 1452 Pompeii
805 1378 933 1451 patruus
960 1375 1019 1434 fuit
1046 1393 1095 1434 eo·

91 1463 152 1523 dem
172 1459 329 1541 tempore’,
353 1483 393 1524 sc.
412 1484 471 1542 quo
490 1465 523 1524 P.
542 1464 675 1524 Rutilius
698 1465 803 1541 Rufus,
827 1463 864 1524 A.
883 1463 1046 1539 Verginius
1065 1466 1096 1522 et

91 1551 119 1622 Q.
141 1553 269 1612 Tubero.

511 1657 671 1664 -.--.--

315 1811 355 1893 4.
392 1818 431 1888 Ρ.
460 1816 683 1890 RUTILIUS
711 1814 864 1889 RUFUS

169 1970 240 2031 trib.
260 1970 322 2029 mil.
339 1965 486 2050 croslet,
505 1975 626 2048 praetor
643 1971 751 2030 incerti
769 1969 848 2048 anni,
871 1987 929 2029 cos.
946 1965 1094 2049 ocellos,

89 2053 220 2138 legatus¹
249 2059 283 2129 Q.
306 2059 398 2118 Mucii
422 2059 581 2120 Scaevolae
607 2060 794 2136 proconsulis
821 2058 912 2118 Asiae
937 2054 1094 2139 654s100‚

89 2143 200 2221 662l92
233 2151 284 2210 vel
313 2148 483 2225 insequenti
509 2168 586 2208 anno
615 2168 634 2208 a
659 2148 828 2225 publicanis
856 2147 892 2207 de
920 2149 1093 2224 repetundis

87 2237 232 2296 calumnia
263 2237 435 2314 postulatus
469 2240 499 2296 et
526 2237 739 2297 condemnatus
766 2237 896 2313 primum
924 2237 1094 2315 Smyrnam,

87 2325 188 2385 deinde
221 2325 388 2403 Mytilenen
425 2343 456 2385 se
492 2326 634 2406 contulit,
670 2326 723 2386 nbi
755 2328 824 2402 post
856 2319 981 2406 676s78
1015 2346 1092 2386 mor-

85 2417 152 2474 tuus
175 2418 231 2474 est.

169 2502 278 2562 Vellei.
308 2505 475 2578 2,13.12
509 2497 571 2563 ‘vir
597 2523 657 2563 non
684 2503 797 2563 saeculi
824 2503 884 2578 sui,
916 2501 968 2562 sed
998 2505 1092 2563 omnis

85 2593 148 2653 aeri
174 2584 342 2668 optumus'.
389 2591 493 2652 Cicero
511 2592 597 2651 Brut.
619 2594 680 2652 113
709 2586 832 2651 ‘doctus
854 2591 902 2651 vir
924 2594 955 2649 et
977 2592 1092 2667 graecis

84 2681 193 2740 litteris
226 2680 379 2755 eruditus,
415 2680 552 2740 Panaetii
584 2681 719 2760 auditor,
756 2697 848 2756 prope
879 2679 1030 2754 perfectus
1062 2679 1094 2738 in

86 2763 208 2830 stoicis'.
249 2769 287 2829 de
310 2769 387 2829 offic.
407 2772 436 2848 2,
453 2771 494 2829 47
520 2764 565 2830 Ῥ.
584 2769 692 2829 Rutilii
715 2767 946 2829 adolescentiam
969 2768 1008 2827 ad
1031 2769 1093 2845 opi-

82 2859 201 2918 nionem
225 2861 257 2917 et
277 2857 463 2918 innocentiae
483 2861 514 2918 et
532 2858 605 2918 iuris
624 2858 764 2918 scientiae
782 2857 816 2917 P.
835 2855 927 2916 Mucii
946 2876 1092 2918 commen·

81 2945 163 3008 davit
187 2941 313 3006 domus’.

170 3035 299 3095 Praetor
306 3037 502 3112 patronorum
512 3036 664 3096 licentiam
674 3035 770 3096 edicto
779 3027 968 3116 coercuit(D.
979 3037 1089 3115 38‚·2,1

82 3121 101 3200 ξ
128 3128 143 3183 1
174 3124 324 3201 Ulpianus
355 3125 433 3186 libro
461 3125 711 3204 quadragensimo
739 3125 868 3184 secundo
896 3125 934 3183 ad
961 3125 1092 3184 edietum

80 3213 112 3273 P.
139 3215 236 3274 1149.
283 3206 334 3272 ‘Mt
361 3214 482 3291 quidem
508 3215 621 3290 primus
644 3216 766 3290 praetor
788 3213 919 3273 Rutilius
943 3213 1043 3272 edixit
1059 3232 1091 3273 se

80 3303 212 3378 amplius
230 3319 291 3361 non
308 3301 450 3362 daturum
468 3307 594 3380 patrono
613 3322 704 3379 quam
722 3319 879 3379 operarum
894 3304 925 3360 et
939 3302 1090 3361 societatis

77 3489 360 3616 ⁸ulenll,{qrcgqoocu'us
383 3489 404 3562 §
421 3493 458 3546 40
481 3506 571 3546 errore
588 3491 678 3561 ipsum
697 3489 837 3544 Rutilium
857 3485 952 3540 ‘Asiae
971 3500 1089 3554 procon-
