2614 3914
436 206 459 256 1.
482 201 512 255 P.
527 199 693 255 ALFENUS
712 197 833 254 VARUS
1073 199 1138 263 329

130 384 260 448 quoque
274 362 444 446 pecuniam
463 363 649 428 solvissent:
670 360 799 427 Servius
818 362 984 447 respondit
1004 385 1143 448 aequum

131 473 202 517 esse
225 454 410 535 praetorem
432 451 466 515 in
490 473 563 516 cum
586 451 718 515 reddere
744 449 906 516 iudicium.

221 573 258 632 cf.
283 571 380 633 Servii
402 590 545 647 responsa
569 573 640 632 131.

544 766 651 825 Liber
673 766 734 824 XL.

224 882 324 942 Huius
356 884 482 944 fortasse
515 882 586 942 libri
613 882 817 957 fragmentum
846 886 890 941 est
918 883 997 958 quod
1026 884 1147 944 subieci.

489 1035 532 1089 De
551 1035 639 1104 capite
656 1034 788 1088 minutis?

230 1136 301 1200 114.
332 1135 370 1201 D.
390 1136 443 1218 48,
462 1135 515 1216 22,
534 1134 564 1199 3.
602 1132 738 1198 Alfenus
762 1134 845 1198 libro
868 1135 973 1220 primo
994 1136 1150 1218 epitoma·
1226 1164 1238 1188 ··

135 1245 208 1289 rum
228 1222 278 1310 (P.
293 1220 361 1310 33).
400 1223 496 1305 Eum,
515 1223 569 1307 qui
589 1220 751 1292 civitatem
771 1225 943 1308 amitteret,
960 1224 1042 1288 nihil
1061 1225 1149 1290 aliud

134 1315 216 1377 iuris
245 1314 385 1377 adimere
408 1312 535 1392 liberis,
563 1311 629 1375 nisi
652 1311 737 1393 quod
761 1313 801 1376 ab
825 1313 897 1395 ipso
920 1317 1149 1397 perventurum

135 1406 224 1467 esset
247 1402 287 1465 ad
311 1423 381 1484 eos,
406 1401 436 1465 si
458 1401 633 1464 intestatus
656 1401 691 1463 in
715 1400 846 1465 civitate
870 1406 1050 1467 moreretur
1075 1403 1149 1484 [hoo

135 1495 186 1556 est
205 1490 417 1555 hereditatem
438 1490 505 1554 eius
525 1491 557 1551 et
575 1488 711 1553 libertos
731 1493 764 1552 et
783 1490 810 1554 si
833 1490 910 1574 quid
931 1489 1017 1555 aliud
1036 1493 1070 1555 in
1087 1493 1150 1558 hoc

136 1601 253 1665 genere
277 1579 435 1665 repperiri
457 1579 594 1662 potest];
624 1599 704 1662 quae
728 1599 805 1642 vero
829 1601 896 1643 non
919 1584 1065 1664 epatre,
1093 1582 1149 1646 sed

136 1671 565 1822 strictitate?
586 1687 698 1839 {dit
718 1668 1149 1822 titillldtls‘ssst

135 1846 303 1930 legitimos
336 1845 469 1910 heredes
503 1848 535 1908 et
568 1843 784 1927 adgnatorum
818 1845 938 1910 tutelas
967 1849 999 1910 et
1026 1846 1149 1912 heredi·

136 1939 221 2000 tates
244 1935 428 2000 habituros:
457 1955 524 1999 non
551 1934 636 2000 enim
660 1932 740 1998 haec
764 1938 903 2018 patrem,
931 1935 986 1999 sed
1010 1937 1149 2002 maiores

136 2023 203 2088 eius
227 2025 273 2088 eis
297 2023 431 2088 dedisse.

223 2144 260 2202 cf.
284 2143 381 2204 Servii
402 2161 545 2219 responsa
569 2146 642 2204 150.

374 2373 430 2433 III.
463 2372 788 2433 Coniectaneorum
810 2373 907 2432 libri.

229 2495 345 2557 Gellius
366 2500 393 2572 7,
410 2499 471 2572 5,1
498 2490 636 2556 ‘Alfenus
659 2497 888 2574 iureconsultus,
908 2497 1005 2559 Servii
1024 2500 1150 2578 Sulpicii

141 2585 314 2663 discipulus,
338 2587 369 2645 in
391 2586 469 2645 libro
493 2629 544 2646 ...
569 2581 835 2644 Coniectaneorum
856 2589 1033 2648 ..secundo
1058 2634 1086 2648 ..
1105 2590 1149 2648 in-

103 2667 106 2674 ’
140 2669 225 2751 quit'.
279 2674 491 2735 Coniectaneos
518 2674 620 2733 Alfeni
653 2674 745 2733 libros
781 2675 899 2750 partem
931 2693 995 2735 esse
1022 2677 1148 2738 alterius

140 2764 273 2824 eiusdem
302 2764 455 2841 scriptoris
484 2764 594 2840 operis,
623 2762 737 2822 scilicet
764 2762 970 2839 Digestorum,
998 2769 1069 2826 sunt
1096 2769 1148 2843 qui

139 2856 255 2929 putent,
278 2854 358 2913 inter
380 2872 454 2931 quos
476 2853 558 2913 ioers
581 2853 600 2914 l.
619 2872 642 2912 c.
665 2853 764 2928 14743
789 2851 869 2930 quod
892 2871 985 2930 aeque
1009 2855 1148 2932 displicet

138 2945 228 3020 atque
256 2943 336 3019 quod
363 2942 416 3001 alii
440 2942 602 3015 coniciunt,
630 2941 842 3002 Coniectaneos
865 2942 959 3003 libros
982 2963 1043 3004 non
1064 2946 1148 3005 aliud

138 3051 212 3108 opus
236 3049 300 3091 esse
324 3034 415 3106 atque
437 3030 552 3090 Aufidii
574 3031 724 3100 Namusae
748 3031 960 3092 collectionem.

225 3120 458 3180 Iurisconsultos
482 3119 601 3179 easdem
623 3139 671 3179 res
691 3139 905 3196 nonnunquam
923 3123 986 3180 tam
1004 3122 1035 3180 in
1055 3122 1144 3200 Dige-

137 3212 253 3268 storum
279 3208 366 3267 libris
394 3226 486 3284 quam
512 3209 543 3266 in
571 3205 641 3268 aliis
669 3209 808 3283 operibus
830 3209 992 3284 protulisse
1016 3213 1145 3272 constat:

136 3299 272 3372 exempla
307 3297 454 3372 praebent
489 3297 624 3372 inprimis
657 3295 775 3373 Celsus,
812 3298 864 3375 qui
895 3298 975 3356 idem
1007 3292 1145 3372 ‘Epistu-

135 3387 234 3445 larum
267 3385 346 3445 libro
378 3385 534 3454 undecimo
568 3389 598 3443 et
628 3385 823 3462 Digestorum
855 3386 984 3445 secundo
1016 3381 1145 3444 tractat'

136 3469 187 3552 (D.
208 3475 237 3546 4,
255 3476 285 3551 4,
304 3476 334 3552 3,
355 3466 388 3554 1)
418 3475 466 3533 vel
493 3473 572 3532 idem
600 3466 688 3532 ‘libro
717 3473 888 3533 duodecimo
917 3473 1145 3552 Quaestionum,

135 3563 332 3641 Digestorum
355 3562 511 3623 undecimo
536 3605 569 3621 ..
593 3555 647 3621 ait'
673 3553 723 3643 (D.
743 3563 799 3640 25,
819 3564 852 3640 5,
873 3565 906 3642 9,
927 3555 961 3644 2)
985 3563 1034 3624 vel
1057 3557 1145 3626 ‘libro
1178 3620 1275 3668 Δ
