2614 3914
409 221 432 272 5.
458 215 487 270 Ο.
501 215 705 271 TREBATIUS
724 215 841 270 TESTA
1066 217 1131 282 399

120 379 349 443 commercium
378 400 444 443 non
471 378 587 464 habes,
614 379 716 466 legari
738 379 799 444 tibi
822 400 917 464 posse
940 378 1130 445 Trebatium

116 467 333 550 respondisse.

209 557 239 621 8.
266 555 305 620 D.
320 555 373 639 35,
389 558 417 636 1,
431 557 484 640 40,
498 557 529 623 4.
559 555 649 620 Idem
668 553 869 644 (Iavolenus)
886 557 971 622 libro
990 557 1129 622 seeundo

117 666 157 710 ex
179 645 414 728 posterioribus
432 643 593 710 Labeonis
617 642 664 730 (P.
685 642 773 732 186).
809 644 872 722 Qui
895 646 1036 711 dotalem
1058 647 1131 711 fun-

6 739 7 794 }
117 733 194 798 dum
222 735 348 798 nullum
376 732 532 818 habebat,
558 735 605 798 ita
627 735 808 818 legaverat:
836 733 988 799 ‘fundum
1011 733 1147 806 corne-2

115 823 254 907 lianum,
287 844 382 906 quem
413 822 470 887 illa
502 822 582 888 mihi
614 821 683 887 doti
715 822 817 904 dedit,
849 824 879 888 ei
906 823 1000 888 heres
1031 824 1130 890 dato’.

115 910 226 976 Labeo
254 909 368 976 Ofilius
397 911 570 976 Trebatius
599 910 835 996 responderunt
862 911 998 977 fundum
1025 913 1128 978 nihilo

116 999 226 1064 minus
249 1000 395 1086 legatum
419 1022 498 1084 esse,
522 999 609 1086 quia,
630 1021 704 1065 eum
725 999 845 1065 fundus
865 998 1076 1067 Cornelianus
1095 1003 1130 1067 in
1238 1030 1239 1034 ¹

115 1109 225 1153 rerum
259 1094 378 1154 natura
415 1089 469 1174 ait,
506 1089 738 1154 demonstratio
772 1089 855 1154 falsa
886 1091 1032 1175 legatum
1064 1113 1129 1156 non

115 1177 262 1261 peremit.

395 1263 440 1318 Da
456 1263 541 1330 smodi
558 1264 739 1318 instrumento
758 1264 852 1334 legato.

206 1363 237 1428 9.
268 1361 384 1440 1133,
403 1362 513 1447 urb,
533 1365 561 1428 1.
602 1362 774 1428 Iavolenus
806 1363 890 1429 libro
923 1366 1062 1430 seeundo
1091 1388 1129 1431 ex

115 1451 353 1536 posterioribus
366 1450 530 1516 Labeonis
546 1451 594 1535 (P.
612 1453 698 1534 182).
731 1450 869 1528 Quidam
888 1475 961 1518 oum
979 1455 1014 1518 in
1028 1455 1129 1520 fundo

115 1541 245 1628 figlinas
263 1541 408 1624 haberet,
430 1541 605 1625 figulorum
624 1562 722 1625 opera
742 1541 864 1605 maiore
883 1547 974 1625 parte
993 1543 1070 1608 anni
1089 1544 1129 1608 ad

116 1651 197 1713 opus
224 1630 382 1694 rusticum
404 1631 570 1711 utebatur,
598 1629 711 1693 deinde
735 1630 804 1694 eius
827 1629 917 1694 fundi
939 1631 1129 1696 instrumen-

6 1801 7 1804 ,
115 1721 187 1783 tum
210 1719 385 1804 legaverat.
422 1717 530 1783 Labeo
549 1717 720 1783 Trebatius
743 1739 810 1782 non
833 1719 934 1784 videri
956 1720 1075 1804 figulos
1094 1721 1129 1786 in

6 1857 7 1874 .
114 1807 332 1873 instrumento
354 1807 447 1872 fundi
471 1828 550 1872 esse.

497 1963 541 2018 De
558 1979 633 2019 servo
651 1963 746 2032 legato.

209 2065 259 2130 10.
285 2063 325 2129 D.
345 2066 401 2148 33,
420 2065 454 2148 8,
472 2065 530 2148 22,
550 2065 578 2129 1.
618 2062 728 2128 Labeo
751 2064 835 2128 libro
859 2063 998 2129 seeundo
1021 2070 1128 2150 poste·

115 2153 239 2218 riorum
267 2176 286 2218 a
312 2153 466 2219 Iavoleno
494 2154 744 2238 epitomatorem
768 2149 816 2239 (P.
838 2153 923 2239 183).
968 2153 1128 2221 Dominus

117 2263 260 2326 servum,
292 2243 348 2327 qui
380 2264 453 2308 eum
485 2263 522 2306 eo
554 2242 710 2308 vicarium
743 2263 945 2306 communem
977 2243 1129 2329 habebat,

115 2333 314 2396 testamento
352 2331 588 2396 manumiserat
624 2335 657 2394 et
691 2330 853 2414 peculium
890 2331 919 2396 ei
954 2331 1129 2418 legaverat,

116 2418 231 2483 deinde
253 2419 360 2505 ipsum
383 2421 549 2503 vicarium,
567 2417 623 2502 qui
641 2419 820 2483 eommunis
839 2423 919 2503 erat,
936 2423 1129 2487 nominatim

115 2511 149 2572 et
179 2507 243 2591 ipsi
270 2512 302 2572 et
327 2508 465 2573 libertae
494 2529 569 2572 suae
596 2506 773 2590 legaverat.
822 2507 974 2591 respondi
1001 2514 1128 2592 partem

116 2600 266 2682 quartam
293 2597 444 2680 libertae,
471 2596 628 2678 reliquam
657 2598 784 2679 partem
814 2597 992 2679 [quartam]
1021 2598 1128 2662 liberti

115 2685 273 2768 futuram,
297 2686 382 2770 quod
406 2690 438 2750 et
462 2683 643 2749 Trebatius.

392 2851 435 2905 Da
452 2851 516 2906 nino
534 2850 590 2904 oleo
607 2849 744 2916 frumento
762 2849 857 2918 legato.

208 2952 259 3016 11.
287 2949 327 3016 D.
346 2952 402 3036 33,
421 2952 455 3034 6,
476 2950 526 3015 16.
567 2948 658 3014 Idem
682 2945 897 3037 (Proculus'l)
921 2951 1006 3016 libro
1029 2953 1127 3019 tertio

116 3061 154 3104 ex
178 3039 411 3124 posterioribus
430 3039 590 3104 Labeonis
611 3037 660 3124 (Ρ.
675 3037 741 3124 34).
778 3038 841 3116 Qui
863 3041 974 3106 vinum
994 3039 1128 3107 Surren-

115 3129 223 3192 tinum
250 3129 285 3192 in
313 3127 480 3193 urnalibus
506 3126 650 3193 habebat
677 3126 841 3212 diffusum,
869 3129 897 3193 is
925 3130 987 3193 tibi
1016 3131 1128 3194 vinum

116 3217 283 3303 legaverat
314 3217 348 3281 in
381 3216 547 3300 amphoris
580 3238 684 3282 omne.
736 3216 818 3281 illud
850 3239 975 3302 quoque
1008 3219 1128 3297 vinum,

116 3306 203 3390 quod
226 3307 260 3370 in
282 3306 451 3371 urnalibus
474 3304 599 3389 fuisset,
621 3305 766 3390 legatum
785 3327 855 3370 esse
874 3305 981 3370 Labeo
1001 3310 1034 3369 et
1053 3305 1128 3371 Tre-

114 3395 224 3459 batius
247 3395 491 3480 responderunt.

207 3484 258 3549 12.
285 3481 324 3548 Ι).
344 3484 401 3567 33,
420 3485 454 3566 6,
475 3483 555 3566 lpr.
597 3481 769 3549 Iavolenus
802 3481 897 3548 libro'
919 3483 1058 3548 seeundo
1089 3506 1128 3548 ex

115 3572 351 3657 posterioribus
388 3571 548 3638 Labeonis
580 3569 633 3660 (P.
659 3571 751 3659 180).
806 3570 943 3648 Quidam
976 3572 1128 3638 heredem
1197 3580 1199 3586 ’
