2614 3914
438 191 462 239 3.
487 185 518 250 Q.
533 184 663 242 AELIUS
682 184 827 240 TUBERO
1073 186 1138 250 363
1216 247 1217 250 ,

437 389 484 448 De
506 391 644 462 emptione
665 391 832 448 venditione.

220 508 271 571 11.
307 505 346 570 D.
371 507 552 590 18,1,77.
608 507 778 573 Iavolenus
819 508 902 572 libro
944 511 1058 590 quarto
1101 530 1138 573 ex

127 594 363 680 posterioribus
390 594 552 661 Labeonis
580 593 629 680 (P.
650 595 737 680 198).
782 597 821 660 In
848 596 919 681 lege
946 595 1038 660 fundi
1065 619 1139 661 ven-

128 683 228 749 dundi
251 683 445 768 lapidicinae
472 685 506 748 in
530 707 568 751 eo
591 684 691 752 fundo
715 685 834 770 ubique
858 689 965 749 essent
988 691 1138 772 exceptae

128 779 234 857 erant,
259 777 292 836 et
314 777 391 856 post
414 774 552 837 multum
574 773 730 858 temporis
753 775 787 838 in
811 796 848 846 00
871 773 970 838 fundo
993 780 1139 858 repertae

127 863 237 942 [erant
269 861 486 945 lapidicinae].
540 883 595 927 eas
628 910 664 927 ..
696 862 873 928 venditoris
906 883 976 926 0000
1009 862 1138 929 Tubero

125 950 304 1034 respondit.

220 1040 271 1102 12.
299 1037 338 1106 D.
358 1038 414 1123 19,
434 1041 451 1104 1
459 1090 467 1122 ,
488 1039 544 1121 13,
562 1040 615 1105 30.
651 1038 810 1122 Ulpianus
837 1040 920 1105 libro
944 1039 1136 1124 trigensimo

126 1127 269 1194 secundo
289 1127 329 1190 ad
348 1127 486 1192 edictum
502 1128 552 1212 (P.
567 1125 656 1215 935).
690 1127 725 1192 Si
739 1129 887 1194 venditor
901 1128 1137 1194 habitationem

126 1214 303 1300 exceperit,
330 1220 367 1280 nt
394 1216 551 1300 inquilino
579 1218 674 1282 liceat
696 1217 858 1302 habitare,
885 1217 937 1281 vel
964 1218 1077 1282 colono
1101 1221 1138 1282 ut

13 1333 15 1400 1
127 1305 251 1389 perfrui
279 1305 375 1370 liceat
403 1305 444 1368 ad
467 1311 590 1370 certum
614 1310 756 1390 tempus,
783 1307 888 1390 magis
913 1327 984 1370 esse
1008 1303 1137 1372 Servius

13 1401 15 1426 1
127 1395 267 1478 putabat
286 1415 324 1458 ex
342 1395 472 1476 vendito
492 1415 562 1458 esse
581 1395 750 1459 actionem.
783 1394 920 1479 denique
935 1393 1063 1460 Tubero
1083 1396 1138 1478 ait,

13 1485 15 1526 l
129 1484 156 1546 si
180 1485 243 1546 1010
267 1483 400 1547 colonus
425 1482 577 1546 damnum
601 1482 737 1565 dederit,
765 1488 943 1568 emptorem
968 1505 1005 1546 ex
1029 1489 1137 1568 empto

128 1576 281 1656 agentem
309 1592 424 1657 cogere
451 1593 546 1654 posse
569 1572 784 1656 venditorem,
811 1576 849 1636 ut
872 1593 911 1636 ex
934 1571 1040 1636 100010
1064 1594 1138 1638 cum

127 1661 243 1725 colono
285 1661 480 1744 experiatur,
521 1663 557 1724 ut
598 1659 751 1745 quidquid
796 1661 894 1724 fuerit
935 1665 1137 1746 consecutus,

128 1749 267 1834 emptori
290 1749 411 1814 reddat.

218 1949 384 2008 Tuberonis
406 1949 499 2009 libros
523 1953 646 2026 propter
667 1968 833 2009 sermonem
850 1949 1008 2026 antiquum
1026 1949 1137 2009 Hadri-

127 2039 178 2096 ani
204 2039 390 2115 temporibus
419 2031 541 2114 ‘parum
568 2033 687 2116 gratos'
716 2039 835 2098 habitos
863 2056 927 2097 esse
955 2037 1138 2115 Pomponius

126 2124 209 2202 §46
238 2127 338 2186 tradit
385 2127 417 2185 in
443 2126 605 2186 Iustiniani
631 2127 765 2204 Digestis
793 2127 1003 2203 componendis
1032 2123 1137 2188 Tribo-

127 2215 236 2275 nianus
259 2215 343 2275 nullo
366 2233 440 2274 usus
463 2219 517 2274 001.
557 2217 647 2276 unius
672 2217 769 2293 operis
793 2221 1003 2293 argumentum
1022 2215 1137 2276 Gellius

126 2304 235 2362 tradit:
258 2305 322 2379 ipse
344 2307 505 2380 praecepta
523 2305 603 2363 Aelii
622 2305 787 2364 Tuberonis
806 2324 896 2382 super
915 2305 1013 2364 officio
1031 2305 1138 2366 indicis

127 2411 159 2452 00
186 2393 296 2470 legisse
323 2395 428 2452 narrat
455 2389 525 2469 (14,
545 2395 578 2468 2,
599 2385 664 2475 20).
710 2394 802 2452 etiam
827 2394 1023 2453 historiarum
1045 2394 1137 2454 libros

129 2481 248 2542 Tubero
272 2481 400 2560 scripsit,
424 2483 476 2558 qui
498 2484 634 2556 tempora
656 2501 752 2558 usque
775 2483 813 2540 ad
835 2482 949 2540 bellum
967 2482 1046 2541 inter
1064 2482 1137 2542 000-

119 2587 224 2628 -sarem
248 2573 279 2629 01
302 2571 478 2646 Pompeium
501 2572 619 2648 gestum
641 2571 819 2629 tractabant.
864 2569 1136 2629 Teuffel-Schwabe

127 2656 245 2734 §208,
268 2662 295 2719 1.
344 2660 514 2735 fragmenta
544 2658 678 2718 invenies
711 2657 791 2733 apud
819 2657 862 2734 H.¹
879 2658 1002 2716 Petrum
1033 2659 1137 2718 histor.

125 2749 211 2808 Rom.
238 2749 303 2807 0011.
329 2751 361 2823 1,
386 2749 448 2806 311
487 2748 593 2822 fragm.
620 2749 690 2806 199.
749 2747 860 2806 librum
897 2745 1062 2806 Tuberonis
1099 2748 1138 2807 ad

125 2836 158 2896 C.
178 2835 309 2914 Oppium
337 2837 481 2912 scriptum
505 2835 621 2896 Gellius
646 2838 674 2912 6,
695 2839 722 2912 9,
744 2839 783 2894 11
814 2834 926 2894 laudat.
973 2834 1004 2894 0.
1024 2833 1137 2912 Oppius

126 2926 164 2984 de
185 2929 248 2985 vita
266 2925 401 2985 00000010
420 2924 563 2984 01000011
582 2925 704 3000 scripsit
722 2928 752 2984 et
770 2925 815 2983 ita
832 2923 962 3001 quidem,
980 2927 1138 2985 utcontra

127 3013 265 3073 Cassium
292 3013 431 3073 videatur
453 3013 630 3090 disputasse.
676 3013 948 3073 Teuffel-Schwabe
975 3011 995 3088 ἓ
1017 3017 1089 3092 197,
1110 3015 1138 3072 3.

125 3121 195 3163 cnm
214 3103 248 3163 L.
264 3101 401 3162 Cornelio
419 3102 523 3178 Balbo,
546 3121 635 3178 quem
654 3101 756 3162 Cicero
777 3121 802 3160 a.
819 3096 934 3181 698156
955 3101 1137 3180 defenderat,

127 3211 153 3252 a.
171 3186 287 3272 705149
312 3191 350 3249 ad
373 3189 546 3250 Ciceronem
569 3191 726 3268 epistolam
749 3191 832 3250 dedit
854 3182 1136 3270 (0(1Α11.9,7Α).

126 3281 232 3339 eodem
258 3281 321 3338 fere
346 3283 481 3355 tempore
505 3277 615 3339 Caesar
638 3281 676 3339 ad
699 3277 829 3355 Oppium
853 3278 973 3353 scripsit
996 3270 1050 3359 (ad
1072 3277 1136 3338 Att.

127 3372 157 3445 9,
174 3362 249 3448 70).
292 3388 318 3429 0.
334 3363 458 3445 709145
483 3365 596 3444 Oppius
620 3387 638 3426 a
661 3367 802 3427 Cicerone
825 3367 968 3425 laudatur
991 3360 1044 3444 (ad
1067 3367 1136 3426 fam.

26 3473 29 3480 ·
126 3459 223 3534 urs.
265 3457 304 3516 aa
326 3456 390 3518 Aa.
411 3448 542 3538 1019).
613 3477 614 3480 ¹
