2602 3912
177 181 196 245 8
354 182 375 237 1.
400 181 527 249 QUINTI
547 180 698 236 seucum
716 181 813 236 IURIS
832 180 1011 236 consciri

271 347 297 408 l.
323 343 403 408 Plin.
422 345 453 409 h.
472 367 502 408 n.
523 345 552 430 8,
566 343 618 427 51,
635 345 686 408 77.
712 381 749 390 -
776 343 996 410 Coruncanius
1019 346 1188 412 ruminalis
1278 335 1279 360 ¹

180 433 305 498 hostias
329 435 429 498 donec
452 434 598 498 bidentes
621 433 749 518 fierent,
770 455 868 516 puras
891 436 1033 518 negavit.

268 523 297 588 2.
323 521 432 588 Cicero
453 523 491 586 de
510 523 572 607 leg.
591 523 621 604 2,
636 522 688 603 21,
703 522 755 588 52.
770 559 811 568 -
828 522 949 605 placuit
967 521 1001 585 P.
1016 520 1188 589 Scaevolae

178 614 211 675 et
229 610 275 675 Ti.
296 609 507 695 Coruncanio,
531 610 736 694 pontificibus
760 611 918 694 maximis,
942 611 1080 695 itemque
1104 618 1187 677 cete·

177 699 231 778 ris,
252 721 316 782 eos,
336 701 390 784 qui
410 701 599 764 tantundem
619 703 779 784 caperent,
797 703 953 784 quantum
971 722 1081 764 omnes
1096 701 1188 766 here·
1280 727 1282 796 ;

178 789 247 870 des,
271 789 370 854 sacris
395 788 530 872 alligari.

375 1068 415 1150 6.
454 1074 680 1146 ΑΝΟΝῩΜΙ
707 1072 992 1146 RESPONSUM

264 1235 363 1294 Huius
387 1236 450 1294 fere
471 1235 614 1310 temporis
633 1234 754 1296 videtur
772 1253 948 1311 responsum
967 1235 1047 1312 quod
1066 1235 1188 1297 subieci.

267 1353 337 1419 Gai.
355 1355 451 1440 4,11.
474 1390 511 1401 -
606 1377 677 1418 eum
703 1354 756 1439 qui
781 1354 819 1418 de
842 1355 962 1419 vitibus
986 1354 1116 1420 succisis
1140 1356 1189 1420 ita

117 1465 119 1468 ·
179 1443 308 1527 egisset,
331 1447 368 1508 ut
391 1445 425 1507 in
450 1444 575 1508 actione
598 1445 681 1508 vites
704 1444 894 1524 nominaret,
917 1464 1107 1528 responsum
1127 1447 1189 1525 est,

178 1553 245 1595 rem
278 1532 467 1616 perdidisse,
500 1554 573 1597 cum
601 1533 766 1596 debuisset
793 1533 922 1596 arbores
952 1532 1119 1596 nominare
1147 1554 1186 1597 eo

177 1620 263 1704 quod
292 1621 343 1684 tex
366 1620 429 1686 XII
456 1621 654 1702 tabularum,
682 1642 721 1684 ex
749 1643 813 1705 qua
841 1619 879 1683 de
907 1620 1026 1685 vitibus
1053 1621 1187 1686 succisis

1281 1103 1284 1172 t

1282 1183 1285 1304 ἶ

178 1710 262 1774 actio
301 1714 501 1794 conpeteret,
543 1709 736 1795 generaliter
773 1709 810 1772 de
848 1709 1016 1774 arboribus
1054 1709 1187 1774 succisis
1286 1759 1287 1766 1

176 1798 361 1884 toqueretur
369 1798 387 1864 ¹.

250 1979 263 2024 1
290 1972 378 2026 Verba
398 1971 441 2026 ‘eo
462 2014 512 2026 ...
532 1971 703 2040 loqueretur'
724 1988 940 2043 supraponere,
963 1974 1009 2028 sed
1028 1974 1188 2044 replicandi

175 2057 261 2096 causa
278 2048 371 2110 postea
390 2043 487 2098 addita
506 2058 559 2097 erse
577 2048 699 2112 apparet.
