2602 3912
178 155 221 220 28
264 157 311 212 111.
336 155 481 212 SEPTIMI
499 155 597 212 SAEG.
617 156 712 211 IURIS
732 156 908 214 CONSULT.
928 157 1052 214 samus
1071 159 1188 215 PRIMA

405 408 445 489 ὃ.
483 411 522 484 L.
551 411 740 485 cassius
768 412 964 486 ΗΕΜΙΝΑ

268 573 420 635 Censorin.
449 575 485 634 de
514 573 541 635 11.
569 577 630 634 nat.
656 577 770 651 17,11
801 569 851 634 ‘at
878 575 946 635 Piso
973 573 1133 635 Censorius
1161 578 1193 636 01

179 661 231 723 Cn.
260 663 388 740 Galliae,
421 664 473 724 sed
506 666 537 722 et
564 661 684 722 Cassius
718 662 858 734 Hemina,
891 664 943 740 qui
974 665 1026 724 illo
1054 667 1191 741 tempore

179 744 370 833 (quartorum
394 753 532 812 ludorum
556 751 754 812 saecularium
779 745 941 832 soemo)
965 747 1107 814 vivebat?

476 947 525 1006 De
549 947 762 1007 censoribus
785 945 895 1006 libri?

268 1063 345 1122 Non.
365 1064 438 1140 346,
454 1064 504 1122 22.
547 1060 667 1120 Cassius
686 1062 814 1121 Hemina
832 1061 883 1122 lib.
902 1062 933 1120 Π
951 1062 987 1122 de
1006 1063 1193 1125 censoribus:
1291 1093 1292 1098 ¹

179 1153 211 1210 et
242 1151 273 1210 in
306 1170 376 1210 area
407 1155 434 1210 et
464 1170 489 1224 q.
519 1169 541 1210 e.
596 1150 742 1210 librorum
774 1150 809 1209 de
842 1152 1014 1212 censoribus
1047 1154 1195 1213 memoria

178 1259 239 1300 uno
270 1239 359 1300 Nonii
391 1240 500 1299 nititur
531 1239 717 1313 testimonio,
749 1259 787 1298 ne
820 1258 854 1298 eo
887 1239 1007 1315 quidem
1039 1242 1077 1301 ab
1110 1243 1194 1302 omni

180 1329 348 1406 suspicione
371 1347 473 1388 vaouo.
498 1348 524 1388 v.
549 1327 620 1388 Luo.
644 1328 782 1388 Muelleri
806 1328 1044 1407 adnotationem,
1067 1331 1121 1407 qui
1144 1333 1195 1392 hio
1292 1359 1293 1404 i

180 1437 298 1494 quoque
326 1419 448 1477 annales
475 1417 601 1476 indicari
628 1423 732 1478 eontra
756 1417 911 1476 Hertzium
935 1413 987 1499 (de
1011 1421 1079 1479 hiet.
1106 1422 1192 1481 1871
1291 1413 1293 1444 ¹

179 1527 207 1582 p.
233 1499 266 1589 2)
295 1509 364 1582 post
392 1507 466 1566 alios
495 1507 637 1566 defendit.

603 1691 711 1751 Liber
730 1691 768 1752 II.

269 1801 352 1869 Non.
374 1806 394 1868 1.
415 1826 441 1870 0.
466 1840 505 1851 -
531 1807 565 1868 01
592 1803 627 1866 in
650 1823 725 1866 area
748 1803 781 1866 in
806 1799 968 1886 Capitolio
992 1803 1088 1889 signa
1111 1827 1196 1890 quae

181 1896 273 1957 erant
296 1893 482 1957 demoliunt.

233 2206 275 2291 6.
313 2213 351 2296 Q.
379 2212 550 2286 FABIUS
577 2213 797 2286 MAXIMUS
826 2213 1145 2289 SERVILIANUS

195 2369 198 2376 ¹
570 2376 628 2418 cos.
649 2353 806 2436 omum.

269 2481 438 2542 Macrobius
462 2475 503 2563 (v.
522 2475 615 2564 infra)
640 2502 708 2541 eum
731 2482 804 2541 iuris
826 2482 970 2557 pontificii
988 2483 1082 2544 libros
1101 2485 1196 2563 sorip-
1293 2445 1294 2512 3

181 2570 254 2632 sisse
278 2572 384 2648 refert3
410 2571 462 2632 sed
486 2574 557 2632 sunt
580 2572 632 2649 qui
655 2573 763 2648 putent
786 2589 885 2631 errore
908 2572 986 2631 huno
1009 2591 1062 2649 pro
1087 2572 1196 2637 Servio

180 2660 273 2720 Fabio
297 2660 414 2720 Pictore
439 2652 554 2742 (11,1)
577 2661 732 2722 nominari.

436 2855 534 2915 Iuris
557 2855 747 2932 pontificii
769 2855 858 2914 libri

588 2979 696 3039 Liber
719 2979 783 3038 XII.

269 3088 410 3154 Maerob.
441 3089 622 3173 1‚16‚25.
656 3126 698 3136 —
732 3090 788 3154 sed
824 3094 857 3154 et
884 3090 1003 3156 Fabius
1031 3089 1195 3160 Maximus

183 3174 381 3243 Servilianos
400 3179 547 3263 pontifex
566 3179 601 3243 in
620 3177 705 3243 libro
725 3178 912 3245 duodecimo
927 3184 1027 3264 negat
1042 3185 1195 3264 oportere

182 3269 252 3331 atro
273 3267 325 3331 die
343 3272 523 3351 parentare,
547 3269 623 3352 quia
641 3274 718 3332 tuno
738 3289 865 3354 quoque
884 3268 999 3335 Ianum
1018 3268 1195 3356 Iovemque

180 3356 321 3440 praefari
334 3379 466 3422 necesse
482 3364 539 3444 est,
554 3378 634 3441 quos
650 3359 811 3422 nominari
827 3363 898 3423 atro
914 3358 964 3422 die
979 3380 1043 3423 non
1055 3363 1194 3442 oportet.

605 3538 765 3547 -———..
