2598 3910
500 173 525 221 6.
548 165 578 220 L.
597 165 739 223 CINCIUS
1060 168 1126 232 253

202 329 232 393 4.
264 328 404 393 Macrob.
436 331 495 393 sat.
526 331 557 412 1,
592 329 646 413 12,
674 331 726 394 30.
760 365 800 376 —
833 329 944 395 Iunius
969 379 1057 415 ....,
1089 335 1126 396 ut

111 417 248 485 Cincius
277 417 467 500 arbitratur,
495 417 579 500 quod
602 418 757 483 Iunonius
784 419 867 502 apud
891 418 1027 485 Latinos
1051 428 1126 484 ante

108 507 277 574 vocitatus
307 505 424 590 diuque
453 506 537 589 apud
566 506 716 572 Aricinos
745 507 900 572 Praenest
886 509 1037 594 tinosque
1064 505 1126 574 hac

110 595 334 682 appellatione
356 594 392 658 in
414 594 481 658 fast
467 599 519 660 tos
542 596 664 660 relatus
688 595 740 660 sit

202 684 234 749 5.
260 683 337 767 Lyd.
361 683 399 746 de
422 705 522 748 mens.
545 685 580 759 4,
608 683 731 748 92.-
759 689 897 767 Κίγκιος
921 683 958 749 ἐν
981 694 1026 772 τῷ
1050 683 1125 771 περὶ

111 785 182 838 τῶν
206 770 330 854 ἑορτῶν
353 769 451 854 λέγει,
475 773 533 836 τὸν
557 770 749 858 Νοέμβριον
772 774 860 856 παρὰ
882 784 952 850 τοῖς
974 779 1126 851 παλαιοῖς

113 863 332 946 Μερκηδῖνον
351 860 583 949 ὀνομασθῆναι
602 859 723 926 ὡσανεὶ
742 861 1002 946 μισθοφόρον,’
985 887 1022 928 εν
1037 863 1125 950 αὐτῷ

112 953 178 1036 γὰρ
205 961 276 1026 τοῖς
303 951 478 1035 appropero
506 950 541 1014 oi
565 943 729 1033 μισθωτοὶ
751 953 809 1027 τὰς
831 953 1074 1034 προσόδουςί
1042 951 1126 1017 εἰσέ-

112 1063 219 1126 φερον
242 1047 302 1104 τοῦ
325 1042 552 1124 παρελθόντος
575 1039 700 1104 κύκλου
723 1037 844 1124 ἑτέρων
865 1051 1000 1124 καρπῶν
1024 1035 1125 1118 αὖθις

112 1127 352 1213 ἐπερχομένων.
407 1125 597 1212 Νοέμβριος
629 1124 666 1192 δὲ
698 1127 839 1214 ὕστερον
873 1129 1055 1214 ὠνομάσθη
1089 1130 1126 1195 ἐκ

110 1227 175 1283 τοῦ
198 1217 355 1316 αριθμοῦ·
400 1219 537 1294 ἔννατος
559 1217 622 1302 γὰρ
647 1216 682 1281 ἐκ
705 1226 766 1282 τοῦ
788 1221 955 1304 Μαρτίου.

411 1444 450 1502 II.
474 1444 524 1503 De
547 1443 707 1503 comitiis
731 1443 833 1506 liber.

206 1567 264 1638 Qui
290 1570 339 1628 vel
367 1571 436 1628 ante
464 1569 514 1628 vel
540 1570 609 1643 post
632 1567 767 1626 Cincium
790 1569 826 1626 de
848 1567 977 1628 comitiis
1001 1564 1126 1645 scripse·

112 1659 185 1735 rint,
207 1659 365 1718 nescimus.
401 1659 535 1716 ceterum
556 1657 588 1716 in
610 1656 702 1716 variis
725 1655 811 1715 libris
834 1656 1025 1716 comitiorum
1047 1659 1125 1719 ratio

114 1747 220 1807 habita
247 1749 300 1807 est.
346 1746 514 1804 Antistium
542 1765 660 1822 quoque
683 1745 853 1804 Labeonem
880 1745 1031 1804 occasione
1055 1748 1127 1806 data

113 1838 151 1895 de
170 1836 276 1896 calatis
296 1836 424 1895 comitiis
443 1834 597 1910 scripsisse
616 1834 763 1894 traditum
779 1836 833 1894 est.
871 1832 1126 1913 Gell.15‚17‚1.

203 1945 288 2010 Fest.
302 1945 377 2010 240.
395 1981 438 1992 —-
456 1943 615 2009 Patricios
634 1942 764 2008 Cincius
788 1943 835 2008 ait
857 1945 892 2008 in
910 1943 993 2008 libro
1013 1944 1053 2008 de
1072 1967 1126 2010 co-

114 2034 217 2099 mitiis
236 2057 291 2100 eos
310 2033 468 2119 appellari
486 2034 608 2118 solitos,
632 2033 688 2117 qui
706 2055 791 2098 nunc
808 2033 943 2118 ingenui
961 2037 1126 2100 vocentur.

282 2262 337 2322 III.
359 2261 410 2320 De
433 2261 622 2320 consulum
643 2262 831 2336 potestate
854 2259 960 2324 liber.

205 2380 260 2445 ‘De
284 2385 382 2446 officio
405 2379 547 2444 consulis'
571 2384 693 2462 scripsit
710 2387 814 2460 postea
832 2383 942 2461 Ulpius
961 2385 1122 2446 Marcellus

114 2469 162 2557 (P.
188 2466 386 2555 274—276).
442 2476 478 2534 cf.
506 2473 665 2533 Iustiniani
693 2473 889 2551 Digestorum
918 2473 1044 2533 titulum
1074 2469 1124 2534 ‘de

114 2565 214 2625 officio
237 2557 377 2624 consulis'
402 2553 537 2645 (1,10).

205 2673 450 2740 14434241.-
475 2672 574 2736 Praet
560 2677 612 2738 tor
639 2672 679 2736 ad
702 2675 830 2756 portam
855 2693 939 2736 nunc
963 2673 1068 2736 saluta
1070 2677 1125 2737 tur

113 2766 158 2848 ie,
186 2762 302 2849 quiin
330 2763 530 2848 provinciam
556 2783 615 2846 pro
644 2763 793 2843 praetore
821 2764 877 2824 aut
907 2781 966 2844 pro
994 2763 1125 2826 consule

114 2853 196 2936 exit,
224 2851 314 2917 cuius
341 2850 389 2916 rei
416 2872 539 2917 morem
568 2850 615 2914 ait
600 2849 741 2914 tfuisse
765 2845 953 2915 Cinciusin
975 2849 1061 2914 libro
1086 2849 1124 2916 de

114 2903 283 3008 cons'ulum
320 2943 482 3024 potestate
518 2939 632 3004 talem.
674 2939 820 3002 Albanos
856 2960 964 3002 rerum
1000 2939 1124 3023 potitos

113 3051 217 3116 usquc
250 3029 291 3094 ad
317 3029 448 3094 Tullum
477 3049 600 3114 regem3
634 3028 719 3092 Alba
747 3026 860 3092 deinde
888 3027 996 3092 diruta
1022 3050 1124 3114 usque

115 3120 156 3184 ad
180 3120 215 3184 P.
234 3118 369 3183 Decium
394 3117 518 3183 Murem
542 3139 604 3183 eos.
646 3117 782 3201 populos
805 3117 938 3182 Latinos
963 3117 1004 3180 ad
1027 3123 1125 3201 caput

113 3208 321 3290 Ferentinae,
353 3206 440 3291 quod
472 3210 523 3271 est
555 3207 615 3272 sub
647 3211 756 3272 monte
783 3206 926 3287 Albano,
959 3207 1125 3270 consulere

115 3295 232 3362 solitos
264 3301 298 3360 et
328 3295 499 3380 imperium
532 3296 694 3360 communi
724 3295 859 3360 consilio
888 3295 1125 3358 administrare.

114 3387 225 3470 itaque
262 3383 401 3467 ρααναο1
434 3383 600 3450 Romanos
631 3383 844 3468 imperatores
877 3383 918 3446 ad
949 3383 1125 3446 exereitum

188 3549 201 3596 1
225 3541 288 3598 (lod.
307 3559 361 3610 quo
381 3557 454 3596 anno
474 3584 480 3598 .
499 3542 651 3597 emendavit
669 3539 832 3594 Mommsen.
