2588 3908
156 155 220 219 190
256 156 303 210 Vl.
326 155 458 211 OCTAVI
477 155 575 210 SAEC.
594 155 690 209 IURIS
711 153 884 210 CONSULT.
903 153 1028 208 SERIES
1047 153 1164 208 PRIMA

154 341 223 382 cum
248 325 348 382 tutore
373 341 426 382 suo
449 325 515 401 lege
540 326 593 382 aut
615 323 751 400 legitimo
774 321 883 382 iudicio
907 341 996 400 agere
1019 322 1098 396 vult,
1126 330 1165 382 ut

154 417 275 472 auctore
299 431 333 471 eo
357 415 428 488 agat

244 496 294 560 72.
322 496 361 560 D.
376 497 428 578 27,
444 497 472 578 l,
486 498 507 559 4
519 519 564 579 pr.
597 494 757 578 Ulpianus
777 495 861 558 libro
881 495 1049 578 trigesimo
1070 499 1163 558 sexto

154 585 193 649 ad
217 585 355 648 edictum
381 583 429 662 (P.
450 585 559 669 1032).
604 633 634 649 ..
658 586 765 647 exstat
789 583 890 648 Servii
914 583 1073 648 sententia
1097 585 1163 648 exi-

154 673 330 758 stimantis,
357 674 385 736 si
412 677 488 756 post
515 676 653 736 mortem
677 672 795 735 tutoris
818 672 912 736 heres
937 673 1004 735 eius
1028 674 1163 757 negotia

152 762 269 846 pupilli
289 783 399 846 gerere
417 761 670 845 perseveraverit
688 764 744 824 aut
762 761 796 823 in
816 783 888 824 arca
906 760 1025 825 tutoris
1043 760 1163 844 pupilli

152 850 321 933 pecuniam
340 849 501 913 invenerit
524 855 556 912 et
575 849 812 932 consumpserit
830 849 880 913 vel
900 871 971 914 eam
990 849 1163 932 pecuniam

153 960 249 1022 quam
272 942 361 1002 tutor
385 939 558 1022 stipulatus
581 937 688 1001 fuerat
711 939 867 1021 exegerit,
894 939 1017 1002 tutelae
1040 938 1159 1002 iudicio

153 1049 226 1091 eum
257 1027 358 1091 teneri
387 1049 443 1090 suo
471 1027 630 1106 nomine[:
662 1048 737 1090 nem
766 1047 838 1090 oum
865 1027 1076 1110 permittatur
1105 1026 1163 1090 ad-

152 1137 263 1182 versus
286 1115 436 1180 heredem
465 1137 502 1179 ex
526 1115 657 1198 proprio
686 1115 761 1179 dolo
784 1115 882 1179 iurari
910 1114 945 1178 in
967 1115 1072 1198 litem,
1103 1137 1159 1198 ap-

152 1210 245 1288 paret
268 1226 339 1268 eum
363 1203 482 1268 iudicio
506 1204 625 1268 tutelae
648 1205 752 1268 teneri
775 1226 814 1267 ex
837 1203 911 1268 dolo
935 1204 1092 1288 proprio].

116 1411 118 1424 ,
495 1351 542 1409 Dc
563 1369 662 1410 reram
685 1353 816 1410 dominio.

242 1454 291 1517 73.
319 1451 358 1517 D.
372 1453 425 1537 41,
441 1454 469 1536 1,
483 1453 534 1518 38.
570 1453 703 1516 Alfenus
727 1449 832 1516 Varus
855 1452 939 1516 libro
963 1456 1080 1535 quarto
1104 1451 1159 1516 Di-

152 1547 317 1628 gestorum
333 1565 352 1606 a
366 1541 465 1606 Paulo
481 1543 732 1625 epitomatorum
746 1541 794 1624 (P.
805 1538 872 1623 65).
901 1541 1009 1604 Attius
1023 1541 1157 1605 fundum

150 1631 292 1696 habebat
315 1631 489 1696 secundum
515 1633 600 1694 viam
625 1630 800 1712 publicam:
823 1630 911 1693 ultra
929 1629 1016 1693 viam
1038 1629 1157 1694 flumen

151 1724 221 1784 erat
240 1725 272 1784 et
290 1741 366 1805 ager
382 1719 473 1784 Lucii
488 1718 579 1783 Titii:
608 1718 706 1798 [fluit]
731 1719 850 1782 flumen
872 1718 1030 1801 paulatim
1046 1719 1158 1802 populi

150 1809 288 1874 Romani
310 1807 396 1874 carol
419 1829 547 1892 agrurn,
571 1808 625 1890 qui
648 1807 732 1870 inter
754 1807 841 1870 viam
865 1809 897 1870 et
919 1806 1040 1870 flumen
1062 1813 1155 1891 esset,

151 1899 294 1962 ambedit
327 1903 359 1962 et
386 1897 472 1960 viam
505 1895 650 1978 sustulit,
681 1899 794 1978 postea
825 1916 935 1959 rursus
967 1896 1153 1961 minutatim

150 1986 283 2050 recessit
312 1991 345 2050 et
372 1985 531 2048 alluvione
559 1983 592 2046 in
621 1984 789 2066 antiquum
819 1984 924 2048 locum
957 1984 1063 2051 rediit.
1108 2007 1154 2049 re·

151 2075 295 2158 spondit,
323 2095 395 2138 cum
419 2073 538 2135 flumen
563 2093 677 2156 agrum
702 2076 734 2135 et
756 2071 842 2136 viam
865 2073 1028 2157 publicam
1053 2077 1155 2138 sustu·

149 2162 250 2244 lisset,
274 2184 347 2225 eum
371 2181 484 2244 agrum
508 2158 576 2224 eius
599 2160 721 2225 factum
745 2183 824 2247 esse,
847 2162 901 2244 qui
923 2161 1154 2227 transflumen

149 2249 285 2314 fundum
304 2250 484 2314 habuisset:
507 2254 620 2332 postea
639 2271 710 2314 cum
730 2249 887 2334 paulatim
906 2253 993 2314 retro
1009 2251 1154 2334 redisset,

149 2337 307 2402 ademisse
332 2341 373 2420 ei,
397 2337 486 2402 cuius
510 2338 613 2402 factus
637 2340 735 2422 esset,
758 2343 791 2402 et
814 2337 973 2403 addidisse
997 2340 1038 2418 ei,
1064 2340 1152 2404 cuius

148 2431 239 2492 trans
262 2427 349 2493 viam
372 2431 470 2510 esset,
498 2427 649 2512 quoniam
674 2428 742 2492 eius
764 2426 883 2492 fundus
906 2428 1072 2510 proximus
1095 2429 1153 2492 flu-

149 2517 229 2582 mini
252 2521 351 2602 esset,
323 2516 491 2580 ttid
436 2520 491 2580 aut
493 2538 557 2600 em,
585 2516 669 2601 quod
692 2517 857 2600 publicum
881 2515 1008 2600 fuisset,
1035 2517 1154 2582 homini

149 2604 325 2672 cessissetl.
359 2603 442 2670 lona⁵
459 2605 738 2690 impedimento
708 2627 794 2670 vram
813 2626 882 2668 esse
897 2605 952 2690 ait,
971 2627 1033 2688 quo
1048 2607 1152 2670 minus

149 2716 234 2779 ager,
259 2697 313 2780 qui
332 2699 423 2760 trans
437 2696 525 2759 viam
544 2695 703 2759 alluvione
722 2695 853 2758 relictus
868 2697 926 2775 est,
903 2693 977 2756 A
979 2695 1031 2758 tu
1049 2695 1153 2759 fieret.

147 2805 224 2847 nam
247 2785 319 2868 ipsa
343 2806 469 2869 quoque
494 2785 546 2848 via
568 2783 661 2848 fundi
685 2786 777 2847 esset.

235 2886 337 2944 Alfeni
359 2887 408 2945 vel
426 2886 514 2944 Pauli
537 2885 632 2945 oratio
656 2905 674 2943 a
693 2885 872 2944 Tribomano
896 2885 940 2944 ita
962 2888 1080 2945 mutata
1098 2889 1153 2961 est,

146 2977 181 3033 ut
202 2973 364 3051 intelligi
356 2992 417 3032 1am
439 2977 577 3050 nequeat.

237 3066 300 3129 74?
323 3064 363 3130 D.
378 3067 429 3144 39,
442 3067 471 3149 3,
486 3067 538 3149 24,
548 3067 575 3130 3.
609 3064 746 3130 Alfenus
765 3065 848 3130 libro
868 3070 983 3150 quarto
1003 3067 1152 3152 Digesto-

146 3178 218 3222 mm
247 3178 266 3219 a
288 3154 388 3218 Paulo
417 3156 666 3239 epitomatorem
688 3151 739 3240 (P.
758 3152 824 3238 64).
869 3154 971 3220 Lacus
1000 3177 1070 3220 cum
1097 3159 1152 3220 aut

147 3249 325 3311 crescerent
348 3247 405 3308 aut
428 3244 653 3327 decrescerent,
676 3263 850 3327 numquam
875 3265 977 3328 neque
998 3245 1152 3310 accessio-

145 3355 218 3399 nem
243 3354 345 3418 neque
369 3333 584 3398 decessionem
608 3332 641 3396 in
665 3353 719 3397 eos
742 3333 856 3396 vicinis
878 3332 983 3396 facere
1007 3333 1090 3398 licet.

218 3462 232 3508 1
254 3453 302 3510 Fl.
321 3455 440 3523 primum
460 3452 591 3508 omnium.
665 3460 680 3508 2
701 3453 749 3508 Fl.
768 3451 874 3508 nemini
893 3453 1064 3509 accessisset.

146 3529 162 3578 3
180 3525 227 3580 Fr.
247 3541 299 3580 nec
316 3529 418 3580 tamen.
