2614 3914
419 225 443 275 5.
468 220 496 274 C.
511 217 713 275 TREBATIUS
732 219 848 275 TESTA
1072 222 1137 286 377

128 381 188 446 hcc
210 381 285 464 ipso
310 380 462 446 Trebatio
487 404 559 447 cum
577 382 681 448 Balbo
705 387 817 448 nostro
841 382 989 467 loquerer
1012 405 1139 449 accura-

128 471 192 535 tius
217 470 305 535 domi
327 492 426 554 meae,
448 471 576 536 litterae
599 472 680 536 mihi
703 472 822 536 dantur
846 494 864 535 a
888 479 935 554 tc,
963 473 1079 555 quibus
1102 475 1137 536 in

129 560 279 624 extremis
300 559 455 644 scriptum
475 569 555 624 erat:
574 559 655 640 ΓΜ.
669 562 696 624 11
712 560 824 625 fivium
844 581 936 644 quem
956 560 1037 624 mihi
1052 583 1137 625 ccm-

129 648 276 732 mendas,
302 648 355 713 vel
384 668 493 733 regem
516 647 642 714 Galliae
669 649 800 726 faciam,
828 649 879 713 vel
908 649 993 714 hunc
1016 648 1137 732 Leptae

129 737 252 821 delega,
275 737 303 800 si
326 737 384 802 vis.
429 741 464 800 tu
488 737 603 802 adme
628 738 727 802 elium
751 737 857 821 mitte,
886 759 981 822 quem
1005 738 1137 802 ornem?

130 825 319 890 sustulimus
343 823 457 890 manus
483 831 515 890 01
538 847 597 911 ego
618 831 650 891 et
668 826 805 891 Balbus:
828 829 922 891 tanta
940 826 1002 891 fuit
1020 849 1139 911 oppor-

128 913 263 996 tunitas,
286 918 322 978 ut
343 914 424 978 illud
446 915 555 979 nescio
578 915 662 999 quod
686 937 751 980 non
773 915 959 1000 fortuitum,
982 916 1037 980 sed
1061 917 1138 981 divi·

128 1025 206 1066 num
235 1003 406 1067 videretur.
451 1003 544 1068 mitto
572 1005 674 1089 igitur
701 1004 740 1069 ad
769 1009 801 1068 te
830 1003 1016 1068 Trebatium
1042 1008 1138 1090 atque

129 1093 175 1155 ita
203 1092 312 1174 mitto,
339 1097 376 1156 ut
403 1092 496 1156 initio
520 1114 592 1156 mea
615 1098 743 1179 sponte,
769 1097 845 1177 post
868 1099 975 1157 autem
999 1094 1139 1159 invitatu

129 1184 186 1245 tuo
210 1180 402 1244 mittendum
427 1181 580 1245 duxerim.
626 1181 725 1264 hunc,
748 1183 793 1245 mi
817 1179 949 1265 Cacsar,
973 1183 1019 1246 sic
1042 1182 1139 1247 velim

130 1269 218 1334 omni
245 1274 302 1332 tua
330 1270 481 1334 comitate
514 1270 741 1354 complectare,
771 1274 808 1334 ut
835 1271 943 1335 omnia
971 1293 1053 1355 quae
1082 1294 1139 1355 per

17 1353 20 1394 ³
131 1381 181 1422 me
204 1358 312 1442 possis
337 1358 460 1442 adduci,
482 1363 519 1422 ut
541 1359 576 1422 iu
599 1379 688 1424 meos
712 1359 857 1424 conferre
875 1361 964 1442 velis,
987 1361 1139 1425 inunum

110 1447 215 1511 ¹hunc
240 1446 395 1512 conferas.
432 1447 470 1510 de
489 1469 552 1531 quo
571 1448 633 1512 tibi
652 1446 783 1511 homine
801 1447 881 1513 haec
902 1448 1055 1531 spondeo,
1073 1471 1139 1514 non

130 1536 188 1599 illo
222 1541 330 1599 vetere
362 1537 460 1599 verbo
492 1557 578 1618 meo,
606 1536 691 1619 quod
719 1558 791 1600 cum
819 1536 859 1600 ad
891 1541 923 1600 te
952 1537 990 1601 da
1018 1537 1139 1602 Milone

132 1625 342 1709 scripsissem,
365 1626 433 1687 iure
457 1625 573 1707 lusisti,
596 1624 651 1688 sed
674 1646 762 1688 more
780 1623 938 1708 Romano,
962 1627 1138 1709 quomodo

130 1712 278 1776 homines
309 1734 373 1776 non
401 1713 505 1796 inepti
532 1713 721 1796 loquuntur:
753 1713 937 1797 probiorem
966 1714 1141 1800 hominem,

131 1802 298 1866 meliorem
321 1804 439 1883 virum,
462 1801 703 1884 prudentiorem
727 1823 796 1866 esse
814 1804 985 1866 neminem.
1018 1803 1141 1867 accedit

132 1890 231 1954 etiam
267 1890 352 1974 quod
383 1889 542 1954 familiam
575 1891 664 1956 ducit
695 1891 730 1955 in
761 1891 830 1956 iure
866 1890 951 1954 civili
984 1891 1141 1976 singulari

133 1979 298 2060 memoria,
322 2001 448 2043 summa
466 1979 610 2044 scientia.
645 1979 720 2045 huic
739 2000 798 2063 ego
817 2000 920 2062 neque
938 1980 1140 2044 tribunatum

133 2089 238 2152 neque
262 2067 495 2150 praefecturam
518 2090 622 2153 neque
645 2068 742 2134 ullius
765 2068 913 2134 beneficii
936 2074 1059 2133 certum
1084 2091 1140 2134 no-

133 2179 207 2220 men
234 2159 324 2240 pet0,
352 2157 609 2221 benevolentiam
634 2162 723 2222 tuam
747 2162 780 2222 et
803 2157 1033 2222 liberalitatem
1055 2164 1141 2243 peto,

15 2249 16 2252 ’
131 2267 237 2331 neque
260 2245 411 2330 impedi0,
435 2267 498 2329 quo
522 2251 637 2329 minus,
661 2252 688 2310 si
706 2247 767 2311 tibi
786 2247 833 2310 ita
851 2247 1019 2330 placuerit,
1042 2248 1141 2311 etiam

132 2334 221 2398 hisce
249 2355 322 2397 eum
351 2355 444 2398 ornes
471 2334 625 2418 gloriolae
653 2335 848 2419 insignibns;
875 2340 981 2399 totum
1004 2337 1140 2420 denique

132 2423 295 2488 hominem
314 2423 373 2486 tibi
392 2425 438 2486 ita
456 2423 549 2487 trado
567 2422 750 2508 ε1101110111,
768 2429 804 2487 ut
818 2426 917 2500 aiunt,
937 2424 982 2488 ‘in
997 2425 1141 2488 manum'

132 2517 223 2576 tuam
252 2511 349 2575 istam
378 2515 410 2575 ct
437 2511 572 2577 victoria
599 2517 632 2574 et
660 2511 722 2575 fide
749 2516 968 2594 praestantem
1086 2510 1141 2599 (ad

132 2600 235 2666 famil.
256 2597 383 2686 V11,5)
644 2667 646 2672 ,

223 2690 252 2752 2.
286 2686 397 2753 Cicero
428 2711 452 2752 s.
483 2689 511 2753 d.
536 2688 698 2752 Trebatio.
724 2723 767 2734 -
811 2687 851 2751 In
882 2688 1029 2752 omnibus
1061 2690 1140 2754 meis

15 2811 16 2846 1
134 2777 296 2863 epistolis,
329 2798 408 2861 quas
442 2778 481 2842 ad
510 2773 681 2841 Gaesarem
713 2781 770 2840 aut
798 2777 838 2840 ad
865 2775 1005 2840 Balbum
1038 2779 1141 2862 mitto,

15 2865 16 2910 3
133 2867 282 2950 legitima
297 2866 454 2950 quaedam
473 2869 524 2931 est
543 2865 682 2931 accessio
698 2866 985 2930 commendationis
999 2870 1074 2930 tuae
1089 2917 1096 2932 .
1112 2919 1118 2933 .
1134 2918 1140 2932 .

15 2977 16 3044 ζ
133 2959 169 3021 tu
198 2955 294 3019 modo
321 2955 461 3039 ineptias
488 2956 570 3020 istas
599 2958 631 3020 01
658 2954 817 3019 desideria
844 2956 933 3019 urbis
957 2958 990 3018 01
1011 2955 1140 3019 urbani-

15 3051 16 3100 1
133 3044 214 3108 tatis
246 3043 384 3128 depone,
412 3049 444 3108 et
476 3066 538 3128 quo
567 3044 704 3110 consilio
732 3043 894 3126 profectus
923 3066 971 3126 00,
1002 3045 1035 3109 id
1064 3047 1141 3108 assi·

15 3161 17 3174 r
135 3133 259 3197 duitate
302 3137 334 3195 et
370 3134 487 3197 virtute
524 3153 717 3216 consequere
861 3137 898 3198 tu
935 3132 989 3218 qui
1027 3134 1141 3197 ceteris

134 3242 247 3286 cavere
276 3221 429 3304 didicisti,
461 3220 495 3285 in
523 3222 693 3286 Britannia
721 3243 761 3285 ne
791 3223 832 3286 ab
860 3221 1030 3285 essedariis
1059 3221 1143 3284 deci-

133 3311 243 3394 piaris,
266 3314 376 3375 caveto
476 3306 565 3397 (VII,
584 3309 619 3395 6)

223 3400 253 3465 3.
277 3396 388 3464 Cicero
408 3398 569 3464 Trebatio.
587 3435 623 3446 —
721 3398 802 3462 illud
826 3398 915 3462 soleo
934 3398 1055 3480 mirari,
1077 3419 1143 3463 non

135 3509 186 3552 me
210 3487 306 3552 toties
326 3488 469 3570 accipere
490 3491 562 3552 tuas
582 3488 717 3570 litterar,
741 3487 865 3571 quoties
885 3509 903 3551 0
923 3484 1043 3562 Quinto
1063 3487 1143 3552 mihi

135 3575 236 3641 fratre
261 3576 444 3642 afferantur.
481 3576 515 3639 in
534 3575 703 3640 Britannia
726 3576 807 3639 nihil
831 3596 901 3640 esse
925 3572 1020 3640 audio
1038 3597 1143 3661 neque
