2600 3908
144 210 187 274 94
223 209 270 266 IV.
290 207 659 266 ssprrursssuluuls
678 207 992 264 consutusnulss
1006 209 1153 264 ALTERA
1236 187 1237 190 Ἴ

145 397 183 437 an
211 379 328 437 fructus
357 395 438 436 meos
461 377 577 436 faciam.
623 377 805 453 Pomponius
833 377 1009 455 verendum,
1037 398 1073 436 ne
1096 399 1156 439 non

144 467 183 526 sit
206 467 301 526 bonae
325 466 394 524 fidei
417 483 572 542 possessor
595 460 663 524 ...⁹

436 591 491 698 [Dc
509 627 606 682 itinere
624 643 712 696 aquae
729 625 860 697 condito]

230 728 259 792 8.
283 725 322 791 D.
337 727 366 808 8,
381 727 411 806 3,
428 725 477 790 15.
508 725 703 810 Pomponius
718 725 802 790 libro
816 727 1008 812 trigensimo
1022 733 1153 796 meando

139 815 178 879 ad
199 813 353 890 Quintum
372 813 514 880 Mucium
534 815 582 900 (P.
599 811 687 902 311).
724 814 862 890 Quintus
881 813 1005 882 Mucius
1029 819 1151 898 scribit,

140 927 212 968 oum
239 905 303 968 iter
331 925 433 988 aquae
458 904 511 968 vel
535 904 730 968 cottidianae
753 904 805 968 vel
829 906 971 970 aestivae
994 907 1044 971 vel
1068 929 1149 990 quae

138 993 311 1057 intervalla
334 991 482 1077 longiora
505 991 626 1056 habeat
645 1015 703 1075 per
722 992 863 1058 alienum
881 993 1015 1059 fundum
1033 998 1150 1061 munci·

133 1087 246 1164 patum
270 1078 318 1167 (io
340 1082 408 1145 lura
426 1077 578 1168 cessauit)
599 1081 660 1146 erit
667 1079 687 1165 ¹,
711 1083 805 1146 licere
824 1083 967 1147 fistulam
987 1106 1079 1148 suam
1095 1086 1149 1150 vel

137 1170 270 1234 fictilem
285 1171 336 1234 vel
350 1170 521 1234 cuiuslibet
535 1171 661 1255 generis
676 1172 710 1234 in
724 1171 794 1236 rivo
809 1192 926 1254 ponere
940 1193 1021 1256 quae
1032 1195 1149 1258 aquam

138 1260 236 1323 latius
261 1259 463 1342 exprimeret,
487 1263 519 1323 et
541 1259 627 1343 quod
650 1259 748 1323 vellet
770 1259 805 1323 in
828 1259 899 1324 rivo
918 1259 1023 1326 facere
1043 1262 1149 1347 licere,

140 1347 213 1412 dum
238 1369 279 1411 ne
302 1348 432 1412 domino
456 1348 581 1431 praedii
605 1348 780 1432 aquagium
803 1348 944 1413 deterius
967 1349 1096 1416 faceret.

227 1461 262 1520 cl.
284 1458 348 1518 Gai.
367 1459 412 1538 II,
438 1461 487 1519 29.
520 1461 587 1518 iura
613 1458 804 1535 praediorum
825 1459 1010 1520 urbanorum
1031 1462 1062 1520 in
1084 1463 1150 1523 iure

138 1547 203 1608 cedi
227 1543 390 1627 (tantum)
413 1551 549 1626 possunt,
572 1547 754 1608 rusticorum
776 1567 847 1609 vero
868 1549 960 1608 etiam
978 1551 1149 1628 mancipare

135 1639 270 1714 possunt

390 1718 445 1789 [De
462 1719 581 1773 hominis
598 1719 747 1784 usufructu
764 1719 893 1790 vendito]

223 1821 252 1883 9.
276 1819 314 1885 D.
333 1821 386 1900 40,
407 1819 458 1901 12,
474 1821 517 1884 23
526 1841 574 1902 pr.
607 1817 725 1882 Paulus
744 1817 829 1882 libro
849 1819 1140 1904 quinquagensimo

134 1907 175 1971 acl
202 1908 341 1972 edictum
364 1905 414 1995 (P.
429 1903 519 1994 642).
565 1905 600 1972 Si
625 1906 861 1971 usumfructum
883 1907 945 1972 libi
967 1907 1141 1974 vendidero

133 1996 227 2062 liberi
258 1997 398 2060 hominis
430 1995 590 2079 <pretium
622 1993 871 2080 participantis>
903 2000 934 2060 et
967 1996 1023 2078 <in
1050 1997 1141 2081 iure>

133 2107 273 2168 cessero,
306 2105 432 2148 servum
465 2083 549 2148 effici
581 2106 654 2148 eum
686 2083 811 2148 dicebat
842 2083 979 2160 Quintus
1007 2085 1144 2170 Mucius,

133 2172 188 2236 sed
221 2173 400 2237 dominium
429 2173 476 2236 ita
503 2172 632 2237 demum
659 2172 729 2236 fieri
756 2194 876 2256 meum,
909 2173 937 2238 si
967 2175 1052 2239 bona
1079 2175 1143 2240 fide
1180 2209 1182 2214 ·

137 2261 364 2344 vendidissem,
388 2261 530 2346 alioquin
554 2261 622 2325 sine
646 2261 775 2326 domino
799 2263 876 2326 fore.

224 2349 288 2414 1οἳ
311 2349 350 2414 D.
367 2351 417 2434 18,
438 2351 466 2431 1,
487 2350 537 2416 19.
569 2349 658 2414 Idem
673 2347 902 2438 (Pomponius)
921 2351 1004 2417 libro
1023 2353 1143 2438 trigen-

133 2440 214 2504 simo
237 2437 342 2522 primo
364 2439 404 2503 ad
424 2437 579 2515 Quintum
597 2438 740 2505 Mucium
759 2435 807 2526 (P.
827 2439 915 2524 302).
957 2439 1049 2516 Quod
1068 2463 1142 2506 ven-

133 2528 198 2593 didi
214 2550 282 2593 non
296 2529 391 2593 aliter
404 2529 442 2593 fit
456 2527 654 2612 accipientis,
673 2550 768 2612 quam
783 2529 811 2614 si
825 2532 881 2593 aut
894 2531 1033 2612 pretium
1047 2531 1142 2595 nobis

131 2619 273 2684 solutum
306 2619 349 2683 sit
381 2622 438 2683 aut
468 2619 547 2683 satis
576 2639 613 2683 eo
642 2617 773 2682 nomine
800 2617 922 2683 factum
952 2619 1015 2700 [vel
1043 2620 1141 2684 eliam

130 2707 226 2772 fidem
250 2707 458 2772 habuerimus
482 2708 622 2792 emptori
645 2707 714 2771 sine
737 2707 804 2771 ulla
827 2706 1073 2789 satisfactione}

218 2819 320 2878 Etiam
337 2819 416 2878 hanc
435 2819 614 2879 sententiam
632 2819 668 2878 A.
683 2818 806 2878 Pemice
824 2818 924 2878 Labeo
940 2818 1034 2879 1458
1054 2839 1081 2878 n.
1099 2822 1139 2879 15

132 2906 165 2976 Q.
188 2906 287 2967 Mucio
311 2907 463 2984 attribuit;
487 2927 525 2966 an
548 2912 629 2968 recle
652 2907 766 2966 dubito.

530 3119 638 3179 Liber
663 3119 743 3180 XIV.

374 3236 421 3294 Dc
444 3238 583 3295 consortio
607 3239 632 3294 et
655 3236 689 3294 de
711 3236 899 3296 societatibus.

217 3349 249 3420 Q.
276 3349 410 3410 Mucium
441 3351 497 3410 hoo
524 3351 602 3410 libro
631 3351 668 3410 de
688 3350 891 3410 societatibus
920 3352 1074 3428 scripsisse
1101 3372 1138 3412 ex

126 3440 163 3500 iis
197 3440 363 3519 colligitur,
396 3459 472 3518 quae
504 3440 617 3500 Paulus
649 3440 685 3499 D.
712 3443 762 3517 17,
783 3443 815 3514 2,
838 3443 879 3500 30
912 3439 1013 3502 tradit.
1062 3441 1137 3502 item

198 3591 212 3640 1
240 3584 277 3641 F.
297 3600 348 3654 per
367 3584 488 3640 alienum
507 3585 625 3640 fundum
644 3584 705 3640 erit.
