2600 3908
184 185 247 248 146
284 184 330 239 Vl.
356 183 487 238 OCTAVI
507 185 604 240 SAEC.
624 184 719 239 luins
741 185 914 240 CONSULT.
933 185 1058 241 SERIES
1078 187 1203 242 PRIMA

183 353 286 428 visset,
306 356 436 428 quatuor
453 353 603 412 furtorum
621 373 731 429 genera
750 355 858 413 statuit
873 347 990 434 (Gala,
1004 347 1090 434 183).
1122 357 1204 414 iuris

185 442 280 502 civilis
305 445 469 518 systemate
493 462 510 501 a
530 441 562 512 Q.
577 442 676 501 Mucio
700 443 825 502 fundato
844 442 965 502 Servius
984 443 1101 518 primus
1121 445 1203 504 artis

184 531 356 590 dialecticae
385 531 495 590 auxilio
524 531 713 606 quaestiones
742 531 777 590 dc
804 532 868 591 iure
896 531 1066 607 propositas
1091 533 1203 592 dissol-

182 639 251 681 vere
276 620 402 680 studuit.

271 709 330 768 Res
358 709 394 767 de
423 709 531 785 quibus
555 708 677 768 Servius
706 709 869 768 sententias
895 710 980 786 tulit,
1008 729 1067 770 non
1097 711 1200 770 solum

183 798 240 856 hae
264 800 347 857 sunt:
371 797 482 856 fflndus
506 798 555 857 vel
579 816 651 874 ager
670 799 843 870 communis,
867 799 933 875 agri
951 799 1200 876 instrumentum,

183 905 279 964 aquae
298 887 380 944 rivus
399 891 538 944 terrenus
553 889 584 944 et
598 886 797 959 cementioius,
819 887 903 946 vinea
917 890 948 945 et
961 887 1066 946 uineae
1080 887 1198 946 instru-

183 980 326 1046 mentum,
351 974 438 1033 aedcs
451 979 493 1044 ¹et
515 975 657 1052 aedificia,
680 975 792 1052 tegula,
815 979 984 1050 protectum
1006 981 1037 1034 et
1054 978 1200 1054 pergula,

183 1065 291 1142 paries,
310 1063 440 1122 servitus
459 1064 556 1122 oneris
575 1063 699 1140 ferendi,
718 1083 824 1122 aurum
844 1066 875 1122 et
893 1067 1050 1140 argentum
1070 1065 1198 1145 factum,

183 1157 293 1228 statua,
318 1151 370 1210 sed
389 1151 480 1210 etiam
498 1152 597 1211 insula
616 1155 647 1212 et
664 1153 836 1230 insularius,
859 1153 1033 1230 inquilinus,
1056 1155 1199 1232 taberna,

184 1260 330 1317 caupona,
363 1241 537 1317 pistrinum,
567 1241 708 1317 pistores,
735 1245 924 1317 procurator,
952 1242 1087 1320 institor,
1114 1245 1195 1305 ratio

184 1331 344 1406 dominica,
367 1329 492 1404 focaria,
520 1331 666 1405 caballus,
690 1348 817 1407 merces,
841 1335 1042 1408 unguentum,
1071 1332 1195 1392 chartae
1287 1391 1288 1394 ,

184 1419 375 1496 epistulares,
399 1418 496 1493 lapilli
519 1422 550 1477 et
572 1438 720 1496 gemmae,
743 1421 841 1496 nauis,
865 1421 1013 1496 vectores,
1036 1421 1138 1496 pirati.

273 1508 356 1565 inter
374 1507 497 1585 negotia
514 1509 706 1568 nominantur
720 1509 848 1584 exempli
867 1527 959 1567 causa
976 1509 1063 1568 hacc:
1083 1511 1195 1570 saltum

183 1615 328 1672 pascuum
361 1597 480 1672 locasti,
512 1599 543 1655 in
573 1615 630 1672 quo
658 1597 751 1655 herba
778 1598 858 1654 mala
886 1597 1076 1674 nascebatur3
1110 1603 1194 1658 tutor

184 1705 219 1745 ex
248 1685 357 1761 pupilli
385 1686 521 1746 auctione
549 1705 613 1744 rem
641 1685 726 1761 emit,
755 1703 841 1744 seruo
869 1689 968 1762 empto
997 1685 1068 1746 dens
1097 1688 1194 1765 deast3

183 1776 284 1835 insula
307 1775 461 1834 aversione
484 1775 614 1850 locatum
637 1773 772 1833 aedificio
796 1775 844 1832 vel
863 1776 1013 1834 frumento
1034 1778 1192 1836 coemendo

183 1864 290 1941 aliquis
308 1863 518 1940 praeponitur3
542 1863 747 1937 purpuream
767 1863 839 1922 Asia
857 1882 911 1938 per
929 1863 1072 1922 libertum
1091 1885 1191 1924 emun-

183 1957 247 2029 tur3
270 1952 444 2010 mandatum
469 1951 525 2010 tibi
549 1951 651 2026 datur,
675 1954 710 2009 ut
731 1951 810 2009 Titio
834 1953 991 2027 pecuniam
1014 1953 1190 2014 foenerares.

272 2040 317 2098 De
335 2039 486 2098 nonnullis
505 2039 595 2097 rebus
615 2039 820 2117 dubitabatur,
838 2045 942 2098 utrum
958 2043 1079 2116 penoris
1094 2050 1192 2103 essent

184 2147 292 2205 necne,
320 2127 457 2204 inprimis
490 2127 526 2185 de
557 2131 625 2186 ture
656 2132 687 2186 et
715 2129 819 2202 cereis,
853 2129 888 2188 de
916 2133 1069 2206 unguento
1098 2131 1130 2190 et
1157 2133 1191 2191 de

184 2217 295 2275 chartis
328 2215 550 2291 epistularibus.
601 2235 619 2274 a
649 2236 682 2276 re
712 2237 772 2276 non
800 2218 931 2276 alienum
961 2223 1008 2278 est
1039 2219 1095 2278 hoc
1127 2222 1190 2282 loco

184 2323 319 2382 narrare,
348 2323 424 2380 quae
452 2305 545 2364 fuerit
568 2303 664 2364 Servii
693 2306 728 2364 de
756 2307 812 2365 hac
836 2307 1010 2384 quaestione
1034 2311 1189 2368 sententia.

273 2393 334 2452 Tus
358 2394 448 2452 etiam
473 2413 491 2452 a
512 2394 585 2454 uiris
609 2413 678 2454 uere
696 2395 839 2454 Romanis
861 2396 893 2454 in
914 2396 1005 2455 sacris
1025 2397 1190 2458 adhibitum

182 2483 275 2542 fuisse
299 2481 372 2542 Oato
401 2483 487 2542 docet
514 2474 566 2564 (de
589 2483 680 2560 agric.
703 2485 774 2561 134,
795 2475 838 2566 1).
885 2503 1037 2544 cereorum
1065 2505 1137 2546 usus
1161 2489 1191 2546 in

184 2571 391 2632 Saturnalibus
409 2574 500 2632 notus
519 2575 565 2631 est
584 2569 712 2651 (Preller
730 2573 770 2650 H,
787 2565 851 2654 17).
889 2577 1078 2650 unguentum
1097 2594 1190 2653 aeque

182 2663 213 2720 in
250 2664 372 2722 deorum
411 2663 496 2721 cultu
530 2666 561 2720 et
591 2662 774 2721 ualetudinis
806 2680 896 2721 causa
927 2662 1096 2721 adhibitum
1128 2683 1190 2724 esse

184 2751 302 2810 constat
326 2743 518 2830 (blarquardt
535 2750 595 2808 VII
620 2771 649 2826 p.
669 2753 732 2810 785
745 2741 836 2830 sqq.);
864 2751 970 2810 Iunoni
999 2752 1057 2826 ipsi
1084 2771 1190 2813 nomen

184 2838 281 2896 Unxia
305 2839 408 2896 datum
434 2843 498 2897 erat
521 2833 648 2919 (Preller
669 2839 693 2915 I,
709 2841 781 2898 280.
805 2838 843 2911 II,
860 2833 946 2920 215).
993 2841 1190 2916 epistularum

183 2926 308 3000 denique
332 2946 416 2984 usum
438 2928 529 2986 etiam
550 2928 581 2984 in
600 2927 727 3002 privatis
745 2927 874 3004 negotiis
894 2929 1081 3004 frequentem
1099 2931 1190 2990 fuisse

182 3017 319 3090 apparet:
343 3015 403 3073 iam
425 3015 658 3074 consultationes
678 3018 708 3074 et
726 3033 869 3090 responsa
886 3017 1062 3093 plerumque
1081 3019 1189 3080 litteris

182 3102 410 3162 mandabantur.
443 3104 546 3179 itaque
565 3105 685 3163 chartae
704 3101 883 3179 epistulares
901 3106 1113 3181 patrifamilias
1130 3109 1189 3167 iam

181 3194 365 3250 necessariae
384 3196 478 3252 erant.
515 3192 649 3252 moribus
669 3193 800 3253 civitatis
819 3195 943 3253 mutatis
963 3194 1054 3253 etiam
1072 3199 1188 3270 penoris

182 3281 315 3340 definitio
338 3301 398 3340 non
422 3282 532 3340 mutari
555 3300 614 3340 non
636 3281 743 3358 potuit.
788 3281 908 3342 Servius
931 3283 1051 3359 quidem
1076 3279 1119 3344 ‘et
1137 3307 1188 3344 un-

182 3373 327 3446 guentum
347 3365 374 3446 <
390 3417 397 3430 .
413 3365 441 3447 .>
461 3374 492 3430 et
510 3371 628 3430 chartas
648 3371 826 3447 epistulares
845 3372 963 3448 penoris
980 3367 1055 3431 esse’
1071 3376 1188 3448 putauit

183 3455 232 3538 (D.
258 3462 313 3534 33,
334 3462 366 3535 9,
387 3462 420 3538 3,
441 3453 497 3540 10)
527 3465 557 3519 et
584 3462 615 3519 in
642 3461 830 3536 reprehensis
854 3461 1013 3520 Scaevolae
1042 3463 1188 3539 capitibus

184 3542 274 3608 ‘Cato
298 3549 385 3608 Aelio
408 3542 571 3626 placuisse'
596 3550 726 3628 scripsit,
751 3545 816 3610 ‘tus
840 3569 957 3630 quoque
982 3553 1013 3608 et
1036 3570 1136 3612 cereos
1158 3555 1188 3612 in
