2600 3908
135 208 199 272 110
239 208 273 263 V.
296 206 441 262 SEPTIMI
456 206 554 262 SAEC.
568 207 667 262 lonis
682 206 853 263 CONSULT.
869 208 995 264 scales
1010 207 1145 263 TERTIA

132 376 231 451 eoepit
257 395 394 435 nummos
420 377 562 454 petendo,
591 395 663 452 quos
691 379 727 435 ut
754 377 853 435 fronte
875 377 1075 436 inuerecunda
1102 377 1147 436 ita

131 465 214 524 inani
237 465 431 542 stipulatione
454 469 636 542 captaverat.
683 465 718 524 de
744 483 804 540 qna
828 484 860 524 re
884 464 916 526 C.
937 465 1091 542 Aquillius
1115 509 1144 526 ..

130 553 220 612 iudex
253 554 402 630 addictus,
435 555 577 614 adhibitis
610 554 642 612 in
673 553 831 614 consilium
855 553 1040 630 principibus
1072 555 1145 614 eivi-

131 643 219 722 tatis,
241 643 401 719 prudentia
424 647 455 703 et
477 642 621 720 religione
645 660 701 702 sua
723 643 880 702 mulierem
903 636 1036 720 repulit'.

554 853 714 861 ...n-.—

287 1017 355 1100 ll.
394 1021 627 1095 OCTAVIUS
654 1022 986 1095 HERSENNIUSl
1013 1083 1017 1089 .

218 1166 410 1226 aMacrobio
438 1158 480 1246 (v.
503 1159 595 1246 infra)
619 1166 699 1226 inter
720 1165 887 1225 Varronem
915 1169 946 1225 et
973 1166 1141 1226 Antonium

129 1254 316 1331 Gniphonem
335 1248 387 1336 (de
409 1274 468 1332 quo
485 1254 760 1330 Teuffel-Schwabe
779 1251 798 1330 ξ
816 1257 886 1329 159,
903 1247 938 1336 5)
957 1257 1139 1317 nominatae.

307 1443 356 1501 De
380 1443 494 1502 sacris
518 1441 722 1502 Saliaribus
746 1441 961 1503 Tiburtium.

216 1552 357 1618 Macrob.
380 1557 440 1618 sat.
460 1553 490 1637 3,
506 1553 556 1634 12,
571 1555 600 1617 7.
614 1589 658 1598 -
671 1556 709 1616 ut
726 1557 894 1636 praeterea
912 1550 1039 1618 Octavii
1055 1551 1140 1618 Her-

128 1641 233 1706 sennii
255 1641 346 1725 liber,
369 1643 424 1726 qui
442 1641 631 1707 inscribitur
649 1641 688 1705 de
708 1643 807 1706 saeris
828 1639 1005 1706 Saliaribus
1025 1641 1139 1706 Tibur-

126 1731 222 1810 tium,
249 1731 285 1794 in
309 1753 371 1816 quo
395 1730 500 1796 Salios
524 1729 658 1794 Herculi
680 1730 849 1795 institutos
874 1731 1001 1815 operari
1024 1731 1138 1796 diebus

126 1821 222 1885 certis
246 1823 279 1884 et
302 1821 468 1904 auspicato
492 1819 593 1884 docet.

549 2033 709 2041 ------

415 2197 482 2279 12.
520 2200 847 2276 NICOSTRATUS

213 2347 296 2407 Festi
317 2367 377 2406 uno
396 2349 517 2407 tentum
535 2347 600 2407 loco
619 2347 705 2408 nobis
724 2349 814 2407 notus
833 2346 923 2404 huius
941 2345 1005 2405 fere
1024 2347 1133 2407 aetatis

123 2436 216 2496 fuisse
239 2436 368 2498 videtur.

431 2527 480 2612 De
503 2556 631 2612 senatu
653 2552 824 2613 habendo.

211 2662 297 2728 Fest.
321 2686 351 2748 p.
370 2665 434 2730 347
459 2687 487 2728 v.
511 2665 669 2730 senacula.
691 2700 728 2711 —
755 2661 912 2727 Senacula
939 2663 1005 2726 tria
1031 2662 1131 2727 fuisse

123 2751 255 2836 Romae,
274 2753 309 2816 in
328 2753 445 2836 quibus
464 2757 594 2818 senatus
610 2753 724 2818 haberi
743 2751 857 2816 solitus
882 2752 934 2833 sit,
957 2752 1131 2816 memoriae

122 2840 267 2924 prodidit
284 2839 490 2906 Nicostratus
510 2845 544 2905 in
565 2841 660 2926 libro,
679 2841 733 2924 qui
752 2840 941 2904 inscribitur
959 2839 998 2904 de
1018 2844 1131 2904 senatu

121 2928 285 3012 habendo,
314 2951 427 3014 uuum,
455 2931 511 2994 ubi
533 2951 618 2994 nunc
642 2933 692 2994 est
715 2928 801 2992 aedis
826 2925 1024 2992 Concordiae
1047 2929 1131 2994 inter
1273 2941 1283 3028 ἶ

122 3013 318 3100 Capitolium
351 3023 383 3082 et
418 3017 538 3100 forum,
573 3017 608 3081 in
642 3039 704 3100 quo
738 3015 886 3080 solebant
919 3015 1131 3100 magistratus

121 3103 228 3192 d(um)
251 3103 372 3193 t(axat)
400 3128 473 3170 curn
502 3105 682 3170 senioribus
711 3104 901 3185 deliberare,
929 3104 1066 3168 alterum
1090 3105 1130 3168 ad

120 3199 250 3279 portam
270 3193 443 3280 Capenam,
456 3195 590 3260 tertium
609 3195 691 3258 eitra
711 3193 820 3258 aedem
835 3191 1000 3275 Bellonae,
1013 3194 1047 3256 in
1066 3215 1129 3276 quo

122 3288 303 3350 exterarum
327 3285 497 3350 nationum
519 3283 647 3369 legatis,
670 3304 750 3366 quos
775 3283 808 3348 in
826 3283 939 3348 urbem
960 3282 1129 3346 admittere

120 3373 288 3460 nolebant,
311 3377 441 3440 senatus
466 3374 610 3440 dabatur.
1277 3391 1286 3437 t

81 3646 139 3656 ,
363 3706 365 3714 ψ

1278 3433 1289 3613 l

1279 3554 1284 3589 l

545 3574 704 3582 ....-.-—-—
