2614 3914
415 182 440 232 5.
464 177 493 233 C.
508 177 711 233 TREBATIUS
730 179 848 234 TESTA
1071 180 1137 244 385

122 350 155 406 et
174 345 287 406 domiui
307 348 338 404 et
356 346 443 422 servi,
463 365 481 406 a
499 345 618 406 domino
638 365 723 408 servo
742 349 773 405 et
786 347 912 406 libertae
927 365 999 406 suae
1013 348 1136 408 relictus

123 427 177 516 (D.
196 436 248 509 33,
263 436 292 510 8,
312 428 423 513 22,1),
445 435 581 512 legatum
602 435 690 494 uxori
711 435 860 514 relictum,
884 430 968 494 ‘dum
986 455 1055 496 cum
1073 437 1135 497 filio

121 543 190 584 meo
214 523 333 599 Capuae
357 517 425 582 erit'
449 516 500 602 (D.
520 525 571 600 33,
590 525 641 602 30,
657 516 701 604 5).

212 611 346 672 Trebatii
369 613 532 672 sententias
556 631 624 672 cum
647 611 751 682 Ouinti
773 613 879 690 Mucii,
903 612 984 673 Calli
1006 613 1135 692 Aquillii

121 705 154 761 et
186 701 284 762 Servii
316 701 442 778 Sulpicii
473 719 540 761 raro
572 703 691 760 tantum
723 719 908 783 comparare·
927 702 1006 763 iicet.
1058 723 1134 780 quae

120 791 279 866 habemus,
302 791 375 849 haec
398 793 481 850 sunt:
504 791 535 853 iu
558 791 746 866 quaestione,
769 792 908 864 possetne
931 791 1028 864 heres,
1054 793 1133 868 quod

120 880 239 939 furtum
256 882 345 938 antea
362 882 476 938 facturn
495 881 583 954 esset,
601 877 774 938 furti'recte
792 897 890 956 agere,
909 898 977 939 enm
992 879 1024 951 Q.
1034 881 1132 942 Mucio

122 967 273 1028 sentiebat
296 959 370 1049 (Cic.
390 968 428 1026 ad
448 968 519 1027 fam.
539 971 567 1044 7,
582 969 637 1026 22,
662 986 765 1044 ego..
785 967 946 1038 Scaevolae
971 972 1002 1028 et
1025 970 1133 1029 Testae

122 1047 293 1138 assentior),
317 1059 350 1116 at
371 1056 404 1115 in
426 1075 520 1133 aquae
543 1056 664 1132 pluviae
687 1056 832 1116 arcendae
850 1057 968 1116 actione
987 1076 1048 1117 non
1066 1078 1134 1118 cum

122 1144 157 1216 O.
175 1145 275 1205 Mucio
299 1163 373 1220 opus
396 1145 462 1222 agri
484 1145 608 1220 colendi,
632 1145 683 1204 sed
706 1145 849 1218 frumenti
868 1146 1026 1206 dumtaxat
1044 1166 1136 1224 quae-

120 1235 207 1294 rendi
229 1251 319 1293 causa
342 1237 443 1294 aratro
465 1234 579 1293 factum
603 1235 719 1310 excepit
741 1227 792 1314 (D.
811 1237 863 1312 39,
881 1237 911 1313 3,
932 1240 959 1312 1,
980 1227 1024 1317 3).
1066 1254 1135 1296 cum

122 1323 210 1384 Gallo
232 1322 368 1400 Aquillio
396 1322 491 1400 legati
515 1323 682 1382 clausulam
704 1323 919 1398 interpretatus
943 1326 988 1394 est
1011 1318 1062 1404 (D.
1083 1327 1134 1403 30,

122 1415 174 1487 30,
191 1404 234 1494 7).
275 1411 307 1472 in
329 1412 473 1472 bonorum
496 1411 681 1487 possessione
705 1411 868 1471 secundum
891 1413 1011 1472 tabulas
1034 1413 1135 1473 danda

121 1521 191 1561 eum
214 1501 302 1560 aliter
323 1500 511 1577 respondisse
534 1504 626 1575 atque
649 1500 787 1560 Servium
810 1499 976 1576 Sulpicium
1000 1493 1131 1583 (010.οᾱ

121 1590 192 1650 fam.
214 1594 242 1667 7,
257 1583 327 1670 21),
353 1608 445 1665 supra
468 1580 510 1670 (p.
531 1581 610 1669 384)
634 1588 772 1649 vidimus.

211 1677 287 1742 Cum
308 1678 389 1738 Aulo
408 1676 552 1738 Cascellio
575 1680 607 1739 01
624 1676 705 1736 Aulo
724 1674 813 1736 Ofilio
833 1677 993 1737 Trebatius
1013 1679 1130 1754 saepius

120 1787 183 1827 una
204 1768 347 1826 laudatur
370 1770 401 1826 et
422 1767 467 1825 ita
490 1765 620 1844 quidem,
642 1768 678 1830 ut
700 1765 836 1842 inprimis
860 1783 928 1825 cum
950 1763 1047 1841 Ofilio,
1070 1787 1131 1827 non

119 1875 190 1916 raro
222 1856 314 1915 etiam
345 1874 413 1914 cum
441 1853 585 1914 Cascellio
615 1855 812 1932 consensisse,
844 1853 875 1912 in
901 1855 1058 1938 rnonnullis
1092 1857 1131 1916 ab

120 1948 249 2022 utroque
272 1944 445 2004 dissensisse
468 1943 618 2003 tradatur:
642 1937 760 2003 ‘Ofilius
782 1947 813 2004 et
831 1943 991 2003 Trebatius
1009 1962 1132 2021 respon-

121 2027 245 2094 derunt'
272 2033 309 2092 D.
328 2035 358 2110 4,
378 2034 406 2110 8,
427 2035 536 2109 2101,
564 2025 686 2092 ‘Ofilius
715 2031 874 2093 Trebatius
900 2028 1131 2109 responderunt'

120 2124 156 2182 D.
176 2125 231 2195 35,
253 2125 285 2198 1,
308 2124 364 2198 40,
384 2124 418 2198 4,
464 2116 640 2188 ‘Trebatius
678 2119 785 2182 Ofilius
822 2167 860 2181 ..
896 2116 1131 2198 responderunt'

120 2213 156 2271 0.
169 2213 385 2290 17,1,12,10;
405 2205 523 2271 ‘ofitus
537 2204 710 2270 Trebatius
724 2210 761 2270 0.
773 2212 1069 2288 0110014010,
1082 2214 1132 2272 27.

120 2319 199 2361 nova
212 2300 327 2358 racione
338 2299 497 2358 Trebatius
507 2297 589 2358 Ofilii
603 2299 783 2359 sententiam
796 2301 884 2359 fulcit
895 2301 990 2375 Ι).47,
1000 2303 1028 2376 2,
1038 2303 1077 2359 21
1087 2321 1131 2376 pr.

119 2389 174 2448 ubi
196 2388 234 2447 ab
253 2387 342 2448 Ofilio
365 2388 486 2466 recedit,
509 2406 573 2447 rem
594 2407 654 2447 non
676 2388 766 2464 plane
789 2388 929 2463 decernit,
953 2389 1005 2448 sed
1027 2390 1130 2464 potius

120 2477 343 2538 distinctionem
375 2477 516 2554 proponit
548 2477 582 2536 D.
604 2477 658 2553 39,
674 2478 707 2552 3,
729 2479 783 2552 11,
799 2477 826 2536 5.
848 2478 882 2548 6,
910 2479 965 2554 40,
983 2481 1011 2555 7,
1031 2479 1087 2550 39,
1103 2481 1132 2538 4.

119 2567 246 2642 denique
283 2566 505 2628 distinctionem
541 2565 579 2623 ab
611 2562 699 2623 Ofilio
731 2565 915 2640 propositam
946 2566 1130 2642 improbavit

209 2701 294 2814 Oudd
322 2744 360 2803 ad
387 2741 567 2802 Cascellium
593 2741 715 2818 attinet,
745 2741 856 2800 similia
882 2741 1023 2820 legimus:
1058 2736 1131 2801 ‘Ca-

120 2833 241 2892 scellius
265 2837 296 2892 et
314 2831 474 2894 Trebatius
491 2823 618 2906 putant'
638 2830 672 2889 D.
687 2832 740 2905 43,
755 2832 805 2904 24,
819 2833 846 2903 1,
859 2834 887 2891 1.
899 2835 932 2908 7,
955 2825 1130 2891 ‘Cascellius

120 2921 280 2984 Trebatius
307 2914 434 3000 negant'
462 2919 498 2978 D.
518 2921 574 2996 32,
594 2921 703 2996 2901,
731 2913 917 2986 ‘Cascellius
938 2924 1029 2996 putat
1057 2967 1131 2996 ...,

48 3065 51 3084 ,
120 3010 280 3070 Trebatius
308 3003 421 3069 contra'
446 3008 482 3067 D.
503 3010 554 3081 33,
571 3011 598 3086 7,
614 3009 646 3084 2,
674 3001 849 3068 ‘Trebatius
874 3055 939 3087 ...,
968 3007 1131 3070 Cascellius

119 3093 235 3159 contra'
259 3099 504 3176 11.32,100,1.

209 3188 345 3265 Denique
378 3187 553 3246 Trebatium
589 3204 658 3244 oum
690 3183 777 3244 Ofilio
809 3189 840 3245 et
871 3186 1018 3246 Cascellio
1050 3187 1131 3246 idem

120 3277 278 3342 consilium
300 3275 416 3336 dedisse
435 3274 471 3334 D.
487 3277 537 3351 28,
554 3275 581 3351 6,
597 3276 638 3334 39
653 3293 697 3349 pr.
720 3277 862 3334 narratur
881 3270 942 3354 (‘ex
962 3275 1085 3336 oonsilio
1100 3319 1130 3346 ..

121 3363 204 3424 Ofilii
227 3363 367 3425 Cascellii
390 3354 558 3443 Trebatii').

209 3454 346 3514 Trebatii
373 3451 536 3514 sententias
564 3451 697 3510 referunt
729 3451 854 3510 Blaesus
888 3444 937 3533 (D.
957 3455 1014 3527 33,
1034 3456 1068 3532 2,
1088 3455 1128 3513 31

120 3535 259 3602 ‘Blaesus
283 3544 327 3602 ait
345 3541 520 3602 Trebatium
542 3533 766 3620 respondisse'),
785 3539 920 3617 inprimis
939 3560 1010 3602 vero
1029 3541 1130 3604 Labeo

173 3651 268 3700 Iurispr.
283 3651 401 3692 antehadr.
415 3649 464 3691 rell
480 3648 513 3689 sd.
528 3649 629 3688 Bremer.
764 3683 766 3688 .
883 3645 917 3695 25
