2600 3908
326 244 351 292 8.
378 237 532 294 SERVIUS
552 239 736 295 SULPICIUS
755 240 873 295 RUFUS
1041 242 1103 305 149

93 407 256 481 explanare
280 407 518 483 interpretando,
544 408 685 485 ambigua
708 408 839 483 primum
863 409 976 486 videre,
1000 409 1107 470 deinde
1204 449 1207 468 .

94 495 292 574 distinguere,
315 499 468 572 postremo
491 496 601 555 habere
624 497 774 575 regulam,
798 517 859 574 qua
881 517 953 558 vera
976 500 1007 556 et
1029 498 1108 556 falsa

93 583 302 643 indicarentur
325 588 469 662 atquae,
492 585 601 662 quibus
625 585 744 662 positis,
769 589 869 645 essent
893 604 1028 663 quaeque
1047 606 1108 645 non

95 676 196 732 essent
215 674 453 748 consequentia..
474 675 522 733 bic
541 675 620 732 enim
640 675 746 734 attulit
764 676 840 734 hano
859 679 954 734 artem
973 675 1107 734 omnium

95 763 208 821 artium
228 763 389 821 maximam
412 763 499 839 quasi
517 763 615 821 lucem
634 764 672 822 ad
691 781 727 823 ea
749 783 825 840 quaa
845 765 965 824 confuso
983 764 1022 823 ab
1038 765 1107 824 aliis

96 855 148 909 aut
185 851 447 926 respondebantur
484 855 538 910 aut
573 853 750 928 agebantur.
805 853 1002 912 Dialecticam
1032 853 1107 912 mihi

96 939 208 1000 videris
232 941 343 1016 dicere,
366 937 473 1016 inquit.
519 941 624 1019 Recte,
647 942 781 1018 inquam,
805 941 960 1020 intelligis,
984 941 1036 1002 sed
1059 942 1109 1002 ad·

96 1029 196 1088 iunxit
229 1028 334 1088 etiam.
352 1032 384 1088 et
415 1030 586 1088 litterarum
618 1031 774 1090 scientiam
804 1034 834 1090 et
862 1031 1021 1106 eloquendi
1048 1031 1107 1090 ele·

96 1118 242 1194 gantiam,
267 1135 344 1194 quae
368 1137 404 1176 ex
427 1118 545 1193 scriptis
564 1119 627 1178 eius
651 1139 777 1195 quorum
799 1119 909 1180 similia
926 1121 1011 1179 nulla
1031 1123 1109 1197 sunt,

95 1206 241 1266 facillime
273 1207 404 1282 perspici
435 1209 537 1283 potest
663 1209 779 1287 itaque,
812 1213 846 1268 ut
878 1207 1005 1268 Crassus
1035 1209 1109 1268 mihi

96 1295 218 1355 videtur
246 1295 411 1371 sapientius
438 1296 544 1355 fecisse
568 1314 657 1373 quam
682 1296 837 1375 Scaevola,
866 1344 895 1357 ..
919 1298 961 1356 sic
985 1294 1108 1358 Servius

95 1383 318 1460 sapientissimo
342 1427 370 1444 ..
387 1378 407 1444 .'
656 1385 657 1388 ’

94 1527 99 1538 ,
188 1472 291 1534 Servio
315 1476 434 1534 mortno
459 1473 561 1533 Cicero
585 1473 615 1532 in
638 1473 805 1549 Philippica
830 1493 909 1534 nona
932 1493 1031 1534 mense
1054 1475 1109 1534 Fe·

94 1562 220 1622 bruario
249 1581 273 1620 a.
300 1556 425 1643 711s43
454 1562 559 1622 habita
586 1563 659 1622 haec
688 1562 772 1622 dixit.
819 1557 961 1642 ‘Vallem,
988 1564 1030 1622 dii
1056 1564 1110 1622 im-

94 1651 242 1710 mortales
266 1651 417 1725 fecissent,
446 1653 549 1728 patres
573 1651 746 1728 conscripti,
773 1651 809 1710 'uc
832 1653 900 1713 vivo
923 1653 1024 1727 potius
1048 1651 1109 1712 Ser.

96 1739 232 1814 Sulpicio
255 1741 370 1816 gratias
393 1759 564 1818 ageremus·
579 1760 668 1818 qnam
691 1741 819 1801 honores
844 1743 964 1801 mortuo
988 1760 1110 1816 quaero-

95 1847 165 1888 mus
265 1831 300 1888 ot
323 1876 351 1888 ..
376 1830 448 1906 alia,
478 1829 520 1888 sic
544 1831 612 1907 hoc,
641 1828 672 1889 Ο.
697 1830 808 1904 Pansa,
835 1830 1001 1906 praeclare,
1030 1829 1110 1906 quod

96 1936 152 1976 nos
176 1917 216 1976 ad
237 1918 445 1977 honorandum
465 1917 528 1977 Ser.
544 1917 710 1994 Sulpicium
733 1919 907 1978 cohortatus
928 1937 968 1992 es,
992 1921 1022 1976 et
1045 1918 1110 1994 ipse

96 2007 196 2064 multa
220 2006 338 2081 copiose
362 2007 398 2066 de
421 2007 504 2066 illius
527 2008 616 2067 laude
640 2007 751 2068 dixisti.
793 2008 902 2086 quibus
925 2025 944 2066 a
967 2010 997 2067 te
1021 2006 1110 2066 dictis

96 2095 176 2154 nihil
198 2100 318 2170 praeter
341 2096 520 2156 sententiam
543 2096 680 2170 dicerem,
704 2097 762 2156 nisi
781 2097 813 2156 P.
838 2096 965 2156 Servilio
988 2114 1111 2172 respon·

97 2184 230 2243 densium
253 2187 404 2260 putarem,
432 2185 483 2260 qui
507 2186 587 2244 hunc
609 2186 752 2246 honorem
775 2188 897 2246 statuae
919 2185 1032 2246 nemini
1055 2185 1110 2244 tri·

96 2272 251 2331 buendum
271 2273 395 2350 censuit,
418 2273 477 2332 nisi
496 2273 524 2332 ei
543 2274 595 2350 qui
613 2275 693 2334 forro
713 2279 792 2334 esset
810 2276 841 2334 in
856 2275 1005 2352 legatione
1020 2274 1111 2334 inter·

98 2363 207 2421 fectus.
231 2380 286 2438 ego
302 2365 413 2439 autem,
426 2357 528 2439 patres
543 2363 714 2439 conscripti,
729 2364 771 2422 sic
786 2364 969 2440 interpretor
983 2363 1110 2423 sensisse

98 2451 228 2509 maiores
251 2453 379 2526 nostros,
403 2455 439 2510 ut
461 2469 583 2510 causam
606 2452 712 2511 mortis
736 2453 913 2528 censuerint,
936 2471 996 2512 non
1015 2471 1110 2529 genus

98 2557 165 2599 esse
188 2539 390 2614 quaerendum
490 2539 557 2616 quis
581 2539 715 2616 dubitat,
742 2541 814 2618 quin
838 2541 865 2599 ei
887 2541 982 2600 vitam
1005 2540 1109 2600 abstu-

97 2628 170 2688 lerit
188 2630 258 2702 ipsa
280 2627 413 2704 legatio?
523 2647 640 2704 semper
662 2628 744 2688 illius
768 2628 950 2706 gravitatem
972 2632 1110 2688 constan-

97 2717 173 2776 tiam
194 2715 283 2774 fidem
302 2720 506 2792 praestantem
525 2717 557 2774 in
575 2735 607 2774 re
625 2717 747 2793 publica
765 2717 878 2776 tuenda
895 2734 998 2776 curam
1017 2718 1108 2792 atque

98 2805 291 2881 prudentiam
311 2806 443 2865 omnium
461 2805 636 2866 mortalium
656 2806 736 2865 fama
755 2805 926 2865 celebrabit.
964 2823 1018 2864 nee
1037 2824 1108 2866 vero

97 2894 239 2954 silebitur
275 2895 460 2954 admirabilis
492 2893 640 2970 quaedam
672 2899 702 2954 et
733 2895 917 2954 incredibilis
950 2913 984 2953 ac
1015 2913 1109 2970 paene

100 2983 204 3044 divina
227 2982 291 3042 eins
314 2985 344 3041 in
367 2983 486 3059 legibus
509 2983 741 3060 interpretandis
763 2985 915 3062 aequitate
935 2983 1111 3060 explicanda

99 3073 234 3132 scientia.
268 3091 368 3131 omnes
387 3073 417 3132 in
437 3072 518 3132 omni
537 3076 646 3150 aetate,
664 3073 716 3149 qui
734 3074 765 3132 in
784 3075 840 3133 hac
859 3073 981 3132 civitate
999 3073 1111 3132 intelli·

100 3161 234 3240 gentiam
248 3161 323 3220 iuris
336 3161 516 3239 habuerunt,
531 3162 557 3220 si
570 3180 665 3221 unum
679 3163 818 3222 inlocum
829 3163 1030 3238 conferantur,
1044 3180 1112 3221 oum

14 3279 16 3286 ν
100 3251 162 3310 Ser.
174 3249 307 3325 Sulpicio
320 3269 379 3310 non
394 3250 456 3308 sint
470 3251 670 3326 comparandi.
697 3269 751 3310 nec
766 3253 845 3311 enim
859 3252 910 3310 ille
925 3249 1021 3327 magis
1037 3250 1111 3308 iuris

100 3340 265 3414 consultus,
285 3357 374 3414 quam
394 3339 529 3398 iustitiae
547 3340 615 3399 fuit.
647 3340 692 3398 ita
706 3359 832 3416 eaquae
847 3339 1112 3414 proficiscebantur

101 3429 261 3506 alegibus
289 3430 320 3486 et
342 3445 360 3484 a
382 3429 447 3486 iure
472 3427 565 3505 civili,
598 3447 714 3504 semper
742 3428 780 3488 ad
806 3425 985 3487 facilitatem
1011 3425 1112 3503 aequi·

101 3520 254 3594 tutamque
277 3515 437 3595 referebat,
460 3535 556 3592 noque
574 3516 733 3576 instituere
752 3517 852 3576 litium
872 3516 1003 3575 actiones
1022 3514 1113 3573 male·

101 3607 153 3666 bat
177 3625 268 3682 quam
292 3605 508 3666 controversias
531 3605 647 3668 tollere.
694 3625 764 3684 ergo
787 3606 844 3664 hoc
868 3607 986 3665 statuae
1011 3623 1114 3663 monu-
1205 3651 1232 3655 -
