2600 3908
344 216 369 264 8.
397 205 550 264 SERVIUS
571 209 754 266 SULPICIUS
774 212 892 266 RUFUS
1062 213 1123 276 141

115 379 188 436 vixit
211 378 249 436 ad
274 377 401 436 aliorum
424 378 590 450 arbitrium,
614 398 673 438 non
697 379 736 437 ad
758 397 854 457 suum,
877 399 987 457 magna
1010 382 1075 440 laus
1095 384 1126 440 et

115 470 202 544 grata
220 467 402 541 hominibus,
425 487 518 525 unum
536 467 688 526 hominem
710 468 863 527 elaborare
887 469 918 526 in
937 487 973 527 ea
991 469 1125 547 scientia,

114 575 189 632 quae
214 556 255 614 sit
278 556 383 614 multis
407 550 587 631 profutura'.
634 560 666 635 9,
692 559 732 614 22
762 550 888 633 ‘vigilas
911 561 947 616 tu
970 558 1006 616 de
1029 562 1125 636 necte,

83 643 90 654 '
113 647 147 704 ut
168 645 232 703 tuis
258 645 480 704 consultoribus
503 646 683 720 respondeas
702 691 708 702 .
724 693 731 705 .
750 649 780 704 te
803 646 952 722 gallorum
973 695 998 706 ..
1019 649 1124 706 cantus

113 734 287 793 exsuscitat.
333 737 368 792 tu
396 734 543 792 actionem
569 734 718 812 instituis,
827 738 862 793 tu
889 754 988 811 caves,
1019 755 1055 795 ne
1079 737 1126 795 tui

113 824 300 882 consultores
320 865 344 880 ..
364 822 523 897 capiantur
542 869 579 900 ..,
602 827 637 882 ut
661 843 756 899 aquae
779 825 900 899 pluviae
922 828 1127 885 arceantur..

112 915 147 970 tu
169 905 369 985 (exercitatus
393 904 438 991 es)
466 911 498 969 iu
521 912 660 989 regendis
684 907 821 992 (finibus)
923 915 1000 990 quod
1026 959 1053 972 ..
1078 915 1125 973 ius

113 1001 200 1059 civile
225 1000 367 1076 didicisti,
390 1020 449 1059 non
473 1001 578 1075 dicam,
602 1021 723 1076 operam
745 997 923 1078 perdidisti'.

202 1089 248 1148 Ib.
270 1091 320 1165 13,
337 1091 377 1148 28
397 1090 469 1148 haec
488 1090 630 1164 legimus:
656 1084 1127 1151 ξ61111111111611111116611616611161

112 1180 259 1254 occupato
283 1179 472 1238 stomachum
494 1179 656 1251 moveritis,
683 1180 784 1239 triduo
808 1199 856 1239 me
878 1181 1126 1239 iurisconsultum

112 1285 177 1326 esse
200 1267 366 1342 profitebor
389 1313 441 1326 ...
466 1287 541 1344 quae
566 1269 765 1326 consuluntur
785 1317 790 1328 .
807 1315 827 1345 .,
851 1270 974 1328 minimo
993 1271 1125 1345 periculo

111 1356 341 1432 respondentur.
397 1356 422 1415 si
457 1357 488 1414 id
526 1356 607 1433 quod
638 1360 770 1432 oportet,
807 1359 1010 1434 responderis,
1048 1359 1126 1417 idem

112 1446 235 1504 videare
263 1445 451 1521 respondisse
475 1445 554 1520 quod
578 1445 714 1521 Servium
742 1447 789 1504 sin
812 1447 913 1523 aliter,
942 1448 1033 1506 etiam
1057 1467 1125 1506 con·

112 1536 286 1594 troversum
308 1534 355 1592 ius
374 1553 460 1594 nosse
480 1540 510 1592 et
528 1537 674 1592 tractasse
693 1529 833 1594 videare’.
874 1535 961 1594 Brut.
981 1539 1126 1612 42,154;

112 1615 199 1682 ‘cum
229 1669 258 1681 ..
288 1623 420 1682 discendi
447 1642 538 1682 causa
566 1623 683 1682 duobus
710 1624 899 1698 peritissimis
928 1643 1048 1700 operam
1076 1627 1125 1684 de-

113 1713 209 1771 disset
232 1707 310 1790 (scil.
330 1703 475 1793 Servius),
500 1712 532 1770 L.
552 1712 668 1770 Lucilio
693 1713 796 1789 Balbo,
821 1711 853 1771 0.
872 1713 1006 1790 Aquillio
1029 1713 1125 1786 Galle,

113 1799 196 1859 Galli
218 1800 347 1859 hominis
372 1802 453 1860 acuti
477 1805 508 1859 61
531 1802 685 1860 exercitali
703 1804 872 1876 promptum
891 1807 921 1860 et
939 1806 1077 1879 paratam
1095 1803 1126 1860 in

114 1891 230 1967 agendo
251 1893 282 1949 et
299 1890 330 1948 in
348 1890 554 1965 respondendo
571 1891 757 1950 celeritatem
771 1890 941 1950 subtilitate
957 1891 1126 1969 diligentia-

114 1999 172 2055 que
197 1981 363 2055 superavit‚
387 1979 476 2037 Balbi
499 1980 580 2038 docti
603 1983 634 2038 et
657 1981 768 2039 eruditi
790 1980 919 2039 hominis
942 1980 974 2038 in
997 1987 1125 2057 utraque

114 2087 145 2126 re
173 2067 392 2128 consideratam
420 2068 594 2126 tarditatem
616 2069 690 2128 vicit
713 2069 902 2145 expediendis
926 2069 1126 2130 conficiendis·

115 2177 174 2234 que
197 2158 295 2216 rebus.
339 2159 381 2217 sic
405 2161 436 2215 et
459 2158 556 2232 habet,
580 2158 661 2233 quod
683 2162 811 2236 uterque
835 2178 936 2218 eorum
958 2159 1072 2235 habuit,
1096 2163 1127 2218 et

115 2246 261 2322 explevit,
285 2241 365 2322 quod
390 2246 510 2322 utrique
534 2239 651 2306 defuit'

205 2335 274 2392 Non
301 2335 415 2394 minore
444 2335 543 2394 studio
570 2335 655 2394 libris
685 2337 849 2395 scribendis
881 2355 1001 2412 operam
1036 2336 1127 2396 dedit.

115 2423 299 2498 Pomponius
328 2423 347 2497 ξ
372 2427 413 2483 43
442 2425 516 2483 haec
540 2424 595 2482 ait:
629 2419 763 2502 ‘reliquit
787 2471 815 2483 ..
838 2445 929 2501 prope
953 2428 1073 2484 centum
1097 2430 1127 2484 et

115 2513 270 2588 octoginta
299 2507 416 2572 libros'.
467 2513 680 2572 nonnullorum
709 2533 833 2588 operum
860 2518 1038 2591 argumenta
1064 2518 1126 2572 tra-

115 2602 181 2659 dita
204 2607 287 2678 sunt,
316 2602 437 2677 scripsit
459 2603 538 2660 enim
562 2602 746 2676 reprehensa
769 2602 928 2662 Scaevolae
951 2602 1062 2678 capita,
1091 2603 1126 2660 de

116 2690 209 2749 sacris
233 2690 426 2768 detestandis,
450 2691 485 2750 de
510 2690 639 2762 dotibus,
663 2689 699 2749 de
722 2690 879 2750 duodecim
901 2690 1014 2749 tabulis
1038 2691 1128 2748 etad

116 2779 262 2852 edictum,
295 2785 325 2837 et
358 2779 437 2856 quod
469 2781 548 2837 hunc
578 2780 824 2838 commentarium
856 2779 978 2854 attinet,
1011 2780 1127 2853 primus

117 2868 249 2926 omnium
282 2869 356 2927 iuris
390 2869 602 2928 consultorum.
660 2867 800 2928 Servium
831 2867 924 2927 Mucii
956 2869 1127 2928 auditorum

116 2957 202 3015 libris
225 2975 314 3016 usum
337 2958 430 3016 fuisse
455 2950 616 3034 eorumque
639 2957 732 3016 libros
752 2958 848 3024 Seruii
866 2958 952 3018 libris
972 2957 1127 3017 oblittera·

116 3050 163 3105 tos
182 3063 247 3105 esse
266 3046 449 3121 Pomponius
467 3047 568 3106 tradit.
613 3046 709 3106 Servii
728 3047 807 3106 enim
827 3048 1006 3123 scriptorum
1025 3067 1127 3106 secun-

118 3135 189 3193 ‹lum
205 3133 356 3194 Ciceronis
370 3135 514 3194 iudicium
529 3126 629 3216 (Brut.
645 3130 787 3216 42,153)
802 3130 924 3196 ‘similia
938 3137 1022 3196 nulla
1037 3131 1126 3196 sunt'.
1143 3163 1145 3168 ·

117 3222 299 3298 Pomponius
322 3228 425 3283 antem
448 3223 467 3300 ξ
487 3227 528 3284 42
541 3244 583 3300 sq.
607 3226 680 3284 haec
703 3229 819 3284 narrat:
848 3221 952 3284 ‘Mucii
975 3225 1126 3284 auditores

118 3313 240 3372 fuerunt
268 3313 449 3391 complures,
480 3315 531 3372 sed
558 3315 738 3389 praecipuae
762 3315 951 3374 auctoritatis
975 3313 1127 3387 Aquillius

119 3399 233 3474 Gallus,
254 3401 368 3462 Balbus
387 3402 530 3479 Lucilius,
554 3402 662 3462 Sextus
681 3403 830 3479 Papirius,
850 3401 943 3462 Gaius
961 3401 1128 3475 Iuventius,

119 3509 154 3547 ex
186 3490 294 3566 quibus
323 3489 443 3550 Gallum
475 3493 621 3551 maximae
653 3491 843 3551 auctoritatis
875 3491 955 3566 apud
981 3491 1128 3567 populum

119 3578 211 3638 fuisse
249 3580 397 3640 Servius
435 3580 533 3641 dicit.
589 3599 708 3652 omnes
745 3584 846 3638 tamen
882 3580 918 3638 hi
952 3597 970 3637 a
1003 3579 1127 3639 Servio
