2588 3908
336 221 361 270 8.
388 215 540 272 SERVIUS
560 217 744 296 SULPICIUS
762 218 881 274 RUFUS
1051 219 1113 283 197

528 395 575 454 De
592 400 698 456 mutuo.

9 570 13 596 Ι
194 503 258 568 95⁵.
283 503 322 570 D.
337 505 389 588 22,
403 505 433 589 2,
448 507 477 570 8.
505 503 664 588 Ulpianus
683 506 766 569 libro
786 507 1024 590 septuagesimo
1043 529 1114 592 sep-

9 603 10 632 l
103 592 186 656 timo
221 592 261 656 ad
294 594 431 658 edictum
462 591 511 679 (P.
538 591 664 680 laath).
721 593 849 658 Servius
883 595 930 658 ait
963 597 1115 679 pecuniae

104 681 305 746 traiecticiae
327 704 466 767 poenam
489 684 557 766 peti
580 704 646 748 non
669 705 774 768 posse,
798 684 826 747 si
846 706 905 768 per
924 685 1114 750 creditorem

104 769 266 848 stetisset,
294 791 357 852 quo
386 771 492 835 minus
522 794 592 836 eam
617 771 704 836 intra
727 775 851 836 certum
873 777 1001 857 tempus
1024 796 1115 858 prae·

103 858 256 922 stitutum
280 858 426 942 accipiat.

193 943 262 1012 95¹³.
291 947 330 1013 D.
349 949 379 1032 4,
398 949 428 1032 8,
446 949 498 1013 40.
543 947 740 1034 Pomponius
768 950 853 1016 libro
881 951 1048 1016 undecimo
1077 973 1115 1016 ex

102 1035 202 1100 variis
219 1036 411 1101 lectionibus
426 1035 475 1122 (P.
491 1037 579 1123 832).
594 1088 601 1104 .
616 1090 623 1104 .
648 1037 778 1104 Servius
793 1040 848 1123 ait,
867 1041 895 1104 si
908 1062 967 1124 per
981 1041 1115 1124 stipula-

101 1129 209 1189 torem
228 1129 301 1206 stet,
326 1148 388 1210 quo
408 1127 519 1190 minus
534 1127 682 1212 accipiat,
705 1150 771 1192 non
790 1129 949 1193 committi
968 1151 1115 1212 poenam.

193 1235 342 1312 Ulpianus
365 1256 540 1316 responsum
562 1239 638 1298 libro
658 1239 697 1298 ad
715 1239 847 1300 edictum
866 1241 1033 1320 adscripsit,
1056 1261 1115 1318 quo

8 1317 10 1420 Ξ
101 1325 144 1414 de·
163 1325 359 1401 stipulatione
383 1320 599 1387 ‘vadimonium
622 1321 701 1387 sisti'
725 1329 835 1405 agitur.

194 1436 247 1500 96.
271 1435 310 1502 D.
330 1437 381 1520 13,
398 1438 426 1518 7,
440 1437 492 1501 30.
524 1435 644 1502 Paulus
663 1437 747 1502 libro
767 1437 880 1522 quinto
899 1440 1116 1524 epitomarum

102 1522 216 1588 Alfeni
225 1523 306 1588 Vari
320 1523 531 1608 Digestorum
546 1522 596 1611 (P.
608 1526 674 1608 70).
702 1525 765 1602 Qui
779 1527 914 1592 ratiario
929 1529 1116 1614 crediderat,

8 1613 10 1660 ἓ
102 1634 176 1678 cum
197 1613 236 1676 ad
255 1611 340 1677 diem
359 1615 495 1697 pecunia
515 1637 581 1679 non
600 1615 787 1698 solveretur,
810 1622 913 1680 ratem
932 1619 966 1683 in
984 1617 1116 1682 flumine

102 1723 162 1766 sua
182 1701 375 1766 auctoritate
394 1701 546 1768 detinuit:
570 1709 684 1787 postea
702 1704 822 1768 flumen
841 1706 942 1769 crevit
962 1709 995 1769 et
1012 1713 1116 1770 ratem

105 1789 251 1855 abstulit.
298 1791 327 1855 si
353 1791 456 1856 invito
485 1793 618 1856 ratiario
646 1792 848 1876 retinuisset,
880 1793 948 1858 eius
972 1795 1114 1877 periculo

8 1875 9 1958 J
102 1883 209 1942 ratem
236 1880 336 1944 fuisse
364 1881 543 1965 respondit:
577 1882 632 1946 sed
661 1883 689 1946 si
719 1882 845 1946 debitor
869 1904 927 1946 sua
950 1884 1116 1947 voluntate

103 1969 331 2054 concessisset,
363 1973 400 2032 ut
426 1971 590 2054 retineret,
623 1969 751 2054 culpam
780 1970 949 2035 dumtaxat
971 1973 1000 2035 ei
1022 1993 1116 2054 prac-

8 2099 9 2108 .
103 2055 263 2140 standam,
286 2079 353 2122 non
376 2059 441 2122 vim
465 2059 630 2124 maiorem.

8 2217 10 2248 ,
194 2165 289 2228 Uatal.
302 2168 394 2247 Verg.
408 2171 573 2248 5‚19sqq.:
591 2171 762 2250 flavumque
780 2175 904 2248 propter
919 2171 1065 2248 Thybrim
1080 2217 1114 2250 ..,

8 2265 10 2292 ³
102 2255 156 2315 ubi
182 2257 326 2334 adpulsae
349 2257 431 2318 rates
456 2262 538 2318 stant
560 2260 592 2318 in
614 2260 699 2320 vadis
722 2279 814 2320 caeno
837 2263 972 2321 retentae
996 2260 1116 2320 sordido

102 2364 264 2422 macroque
287 2347 437 2406 luctantes
460 2366 547 2425 aqua.
584 2349 620 2408 of.
638 2349 753 2408 Jordan
772 2349 981 2426 Topographie
1001 2350 1025 2428 I,
1040 2351 1115 2410 441.

195 2456 247 2520 97.
270 2455 310 2522 D.
327 2458 377 2542 13,
390 2457 419 2538 3,
434 2458 463 2522 3.
494 2457 652 2543 Ulpianus
675 2459 758 2522 libro
781 2459 957 2524 vicensimo
978 2460 1115 2540 septimo

102 2545 143 2610 ad
164 2545 304 2610 edictum
323 2541 373 2633 (P.
390 2542 479 2633 780).
515 2545 555 2610 In
573 2547 634 2612 hac
654 2547 778 2611 actione
798 2543 1013 2633 (condictione
1032 2549 1116 2612 triti-

102 2632 228 2712 cariai)
248 2635 276 2698 si
295 2638 475 2718 quaeratur,
494 2656 545 2699 res
565 2657 646 2719 quae
664 2636 768 2718 petita
786 2640 837 2698 est
855 2636 943 2699 cuius
958 2639 1116 2720 temporis

104 2722 366 2786 aestimationem
396 2724 546 2808 recipiat,
577 2723 684 2787 verius
713 2727 762 2788 est
789 2724 875 2807 quod
903 2721 1032 2789 Servius
1060 2725 1117 2808 ait,

104 2811 382 2877 condemnationis
410 2816 538 2896 tempus
567 2812 790 2897 spectandumz
823 2811 851 2878 si
878 2833 955 2877 vero
986 2814 1118 2880 desierit

103 2922 174 2966 esse
198 2901 232 2963 in
255 2901 351 2965 rebus
374 2901 540 2984 humanis,
562 2903 677 2967 mortis
700 2906 836 2986 tempus.

194 3010 297 3072 Verba
320 3007 647 3073 ‘condemnationis
670 3008 800 3090 tempus'
821 3013 945 3091 Ulpiani
967 3033 1028 3076 non
1051 3035 1118 3078 esse

101 3101 266 3270 διῶξαι..
299 3102 427 3270 (ortasse
455 3096 552 3162 ‘litis
580 3106 808 3163 contestatae
836 3098 973 3178 tompus'
997 3105 1118 3184 scripsit

146 3233 154 3249 .
205 3207 326 3248 armoe.

499 3289 545 3348 Dc
566 3291 725 3363 cavaticae.

194 3396 246 3462 98.
280 3396 407 3482 Gatss,
432 3397 503 3462 179.
551 3397 642 3474 Quod
670 3449 700 3464 ..
729 3399 882 3483 diximus,
913 3399 941 3462 si
970 3403 1119 3469 condicio

106 3485 274 3569 adiciatur,
296 3487 504 3551 novationem
522 3487 605 3571 fieri,
629 3489 675 3553 sic
693 3487 841 3571 intellegi
864 3491 992 3570 oportet,
1015 3497 1054 3557 ut
1071 3493 1121 3556 ita

104 3574 249 3639 dicamus
269 3573 390 3639 factam
409 3575 626 3659 novationem,
649 3577 676 3640 si
695 3574 840 3641 condicio
860 3575 1018 3664 extiterit3
1043 3581 1121 3646 alio-

1228 3592 1260 3599 „..-
