2588 3908
336 183 362 234 8.
388 177 542 234 SERVIUS
562 177 744 235 SULPICIUS
762 178 880 234 RUFUS
1053 177 1115 241 175

486 375 530 430 De
547 376 616 430 oilla
634 375 731 446 tepula.

108 487 113 494 ’
193 485 245 550 24.
277 484 317 549 D.
336 485 388 568 33,
405 484 499 566 7,16.
536 482 673 548 Alfenus
695 485 780 549 libro
804 484 940 549 secundo
964 481 1114 568 Digesto-

101 597 175 639 rum
196 597 216 638 o
229 574 330 639 Paulo
350 573 600 657 epitomatorum
616 570 666 660 (P.
674 571 742 658 44).
774 571 881 638 Villae
897 574 1113 638 instrumento

44 673 47 677 '
102 664 214 748 legato
240 661 471 746 supellectilem
492 684 559 726 non
583 663 742 727 contineri
764 661 870 726 verius
894 665 952 726 est.

191 774 294 834 Verba
317 767 429 834 ‘verius
448 767 506 832 est'
529 792 589 832 non
607 773 718 848 Alfeni,
742 773 793 834 sed
812 773 900 834 Pauli
918 792 982 832 esse
1001 773 1114 834 iudico:

102 863 233 923 Alfenus
252 864 379 922 fortasse
399 862 519 938 scripsit
538 857 672 923 ‘Servius
691 856 865 940 respondit'.
894 863 930 924 ol.
944 862 980 922 D.
993 864 1043 938 13,
1055 863 1112 941 3‚3

103 953 267 1030 Ulpianus:
291 946 403 1012 ‘verius
426 954 472 1010 cst
495 952 575 1028 quod
598 952 720 1014 Servius
743 945 807 1012 eit'.

478 1101 521 1157 De
538 1103 618 1158 uinco
636 1104 734 1173 tepula.

190 1213 243 1278 25.
266 1212 305 1278 D.
319 1214 371 1298 33,
388 1214 416 1298 7,
433 1213 473 1278 16
493 1215 513 1294 ἓ
531 1215 559 1278 1.
595 1211 733 1277 Alfenus
752 1213 835 1278 libro
855 1214 995 1278 secundo
1014 1211 1112 1297 Dige-

102 1306 229 1368 storum
257 1325 277 1366 7
298 1301 399 1366 Paulo
429 1303 677 1386 epitomatorum
700 1299 750 1388 (P.
768 1298 836 1388 44).
875 1300 987 1366 ¹Vinea
1010 1310 1043 1366 et
1064 1303 1111 1364 in-

104 1395 286 1456 strumento
311 1391 378 1456 eius
400 1391 511 1474 legato
534 1391 786 1455 instrumentum
808 1391 919 1454 vineae
941 1390 1023 1454 nihil
1042 1411 1111 1454 esse

100 1479 231 1546 Servius
267 1480 446 1564 respondit:
484 1479 538 1564 qui
575 1500 647 1542 eum
683 1479 887 1560 consulebat,
924 1477 1110 1545 Cornelium

97 1568 306 1653 respondisse
336 1568 443 1633 aiebat
470 1568 563 1651 palos
591 1567 731 1650 perticas
759 1571 882 1632 rastros
911 1567 1036 1652 ligones
1062 1569 1110 1631 in-

99 1659 273 1723 strumenti
296 1657 408 1722 vineue
433 1679 512 1723 esse.

458 1815 502 1870 Dc
520 1815 636 1870 materia
654 1815 751 1885 leuata.

191 1925 243 1988 26.
268 1923 306 1988 D.
322 1925 373 2006 32,
388 1923 439 1988 57.
472 1923 671 2008 Pomponius
691 1923 776 1989 libro
800 1922 968 2008 trigesimo
993 1921 1033 1986 acl
1053 1920 1110 1986 Su-

99 2013 214 2078 binum
234 2012 283 2099 (P.
304 2012 392 2098 749).
430 2011 559 2078 Servius
578 2013 753 2097 respondit,
777 2013 827 2077 cui
851 2011 953 2077 omnis
974 2011 1110 2075 materia

100 2103 212 2188 legata
235 2104 289 2187 sit,
316 2102 345 2166 ei
368 2124 428 2166 neo
451 2124 560 2167 aream
583 2124 642 2168 nec
665 2102 839 2166 armarium
862 2101 1005 2185 legatum
1029 2121 1108 2164 esse.

189 2213 226 2275 of.
245 2214 424 2274 sententiam
442 2214 641 2274 Minuciorum
658 2207 772 2294 (Bruns
785 2234 814 2290 p.
825 2205 916 2294 359):
937 2206 1108 2290 ‘quominus

97 2322 136 2362 ex
149 2322 184 2362 oo
204 2322 276 2380 agro
295 2303 379 2380 ligna
396 2304 613 2380 materiamque
632 2305 753 2364 sumant
771 2295 975 2380 utunturque'.
1004 2301 1041 2361 D.
1059 2303 1109 2378 18,

99 2394 128 2467 6,
150 2393 190 2452 15
215 2385 352 2451 ‘materie
376 2387 488 2468 empte'
511 2435 540 2452 ..

432 2535 475 2590 Dc
493 2535 660 2590 habitatione
678 2537 774 2604 tepula.

187 2645 239 2709 27.
261 2643 301 2708 D.
315 2643 367 2726 33,
381 2645 412 2730 2,
425 2645 480 2709 40.
506 2642 643 2708 Alfenus
659 2643 765 2708 Varus
784 2643 867 2707 libro
883 2645 996 2706 octavo
1011 2641 1108 2725 Dige-

101 2736 225 2797 storum
250 2755 269 2797 a
292 2731 394 2797 Paulo
418 2733 667 2816 epitomatorum
689 2730 738 2818 (P.
753 2728 820 2818 74).
866 2730 930 2794 ‘Illi
952 2752 1025 2794 oum
1048 2728 1105 2793 illo

97 2820 338 2994 (reaglgistgsggonem
361 2821 448 2908 lego'
471 2821 605 2906 perinde
629 2841 703 2906 esse,
727 2843 764 2886 ac
787 2821 815 2886 si
837 2821 884 2885 ita
907 2817 968 2884 ‘illi
991 2822 1024 2883 et
1046 2816 1107 2882 illi'

186 3011 386 3072 Tribonianus
410 3013 529 3089 scripsit
552 3006 689 3090 ‘perinde
713 3006 780 3074 esl'.

472 3165 516 3220 Dc
530 3182 606 3236 percu
624 3164 734 3235 leuato?

187 3274 239 3338 28.
271 3279 316 3338 De
343 3298 423 3355 penu
450 3281 552 3358 legata
575 3279 714 3340 Servium
741 3279 930 3357 respondisse
959 3297 1106 3354 nusquam

97 3367 236 3426 traditur.
288 3370 320 3427 77
347 3387 414 3427 eum
447 3370 503 3428 huc
531 3369 567 3427 de
594 3388 626 3428 ro
653 3388 713 3428 non
739 3369 927 3446 respondisse
955 3366 1019 3427 veri
1047 3366 1105 3424 dis·

97 3455 285 3516 simillimum
308 3475 373 3517 esse
395 3458 445 3519 vel
468 3475 504 3517 ee
527 3457 641 3532 docent,
665 3477 739 3536 quae
763 3458 795 3516 in
812 3455 999 3532 reprehensis
1019 3453 1104 3512 Scae·

94 3545 183 3604 volae
212 3545 361 3621 capitibus
385 3546 513 3623 scripsit.
554 3546 592 3605 ed
614 3563 787 3622 responsum
812 3546 847 3604 de
870 3544 989 3620 penoris
1012 3541 1105 3618 legati
1204 3574 1263 3583 ra-
