2614 3914
451 230 476 280 2.
499 224 618 279 AULUS
637 223 777 280 culmus
1051 226 1122 290 355.

111 387 181 452 dem
210 410 230 452 1
257 369 412 452 testatore
435 388 613 473 legatarius
636 387 828 472 ostenderit,
856 388 1115 454 aestimationem
1237 401 1238 405 ’

111 476 210 541 nihilo
236 477 341 540 minus
364 477 522 562 legatario
545 476 780 560 praestandam.

431 651 577 710 Familiae
600 651 792 710 erciscundae.

197 759 227 826 5.
257 759 296 824 D.
322 761 372 840 10,
392 760 422 840 2,
442 761 496 840 16,
516 761 544 825 6.
589 759 748 844 Ulpianus
776 759 859 825 libro
883 782 967 825 nono
992 761 1114 827 decimo

110 848 147 914 ad
177 848 317 913 edictum
341 847 391 932 (P.
411 845 500 934 633).
538 899 594 914 ...
619 849 647 914 si
670 871 781 913 servus
803 849 1016 915 hereditarius
1043 872 1115 933 pro·

107 939 213 1022 priam
236 958 305 1001 rem
327 937 481 1002 heredum
504 937 598 1002 unius
618 937 822 1022 subripuerit,
845 936 958 1002 Ofilius
979 937 1026 1003 ait
1044 960 1114 1004 esse

108 1025 253 1091 familiae
279 1026 483 1091 erciscundae
512 1026 673 1091 actionem
701 1031 734 1091 11
757 1027 916 1091 communi
941 1027 1114 1092 dividundo

108 1115 249 1199 furtique
279 1115 439 1179 actionem
469 1126 603 1182 cessare.
658 1137 756 1199 quare
789 1121 937 1200 agentem
971 1115 1115 1180 familiae

108 1203 314 1269 erciscundae
348 1202 465 1268 iudicio
497 1207 756 1289 consecuturum,
783 1207 821 1268 ut
854 1208 910 1268 aut
941 1204 970 1268 ei
1003 1227 1114 1270 servus

109 1291 308 1358 adiudicetur
336 1297 392 1357 aut
420 1291 489 1358 litis
513 1292 695 1358 aestimatio
718 1293 752 1356 in
777 1293 928 1378 simplum
952 1293 1113 1358 offeratur.

477 1466 524 1526 Dc
545 1467 743 1526 1111111111.

196 1576 225 1640 1.
249 1575 408 1656 1111,
431 1577 481 1658 11,
502 1577 529 1642 1.
563 1575 760 1659 Pomponius
779 1577 862 1642 saro
882 1580 971 1642 sexto
991 1577 1114 1642 decimo
1212 1554 1214 1558 ’

109 1665 147 1729 ad
168 1663 324 1728 Sabinum
343 1663 391 1750 (P.
407 1661 497 1751 628).
533 1663 648 1730 Ofilius
672 1714 701 1731 ..
725 1665 841 1750 aiebat,
864 1666 892 1728 si
916 1665 989 1730 dolo
1008 1667 1115 1731 mariti

109 1775 159 1818 res
188 1751 306 1818 dotalis
334 1753 499 1818 interisset
525 1757 558 1818 et
586 1753 728 1838 alioquin
756 1754 908 1818 solvendo
931 1776 997 1818 non
1020 1760 1114 1832 11111,

108 1843 255 1925 quamvis
280 1841 360 1905 nihil
384 1841 458 1906 dolo
482 1841 620 1925 fecisset,
643 1843 831 1926 quominus
852 1843 1002 1908 solvendo
1022 1847 1115 1926 esset,

107 1930 239 2014 perinde
265 1934 376 1995 tamen
403 1953 475 1995 eum
503 1930 717 2012 damnandum
745 1931 812 1996 eius
839 1931 886 2006 rei
913 1930 1029 1996 dotalis
1057 1953 1113 1996 no·

108 2020 193 2084 mine
216 2018 251 2102 in
274 2041 338 2104 qua
357 2018 467 2084 dolum
486 2020 624 2104 fecisset,
649 2025 744 2103 atque
764 2019 791 2084 si
810 2019 884 2085 dolo
904 2020 972 2084 eius
990 2019 1114 2084 factum

109 2112 202 2190 esset,
221 2129 284 2192 quo
304 2108 410 2172 miuus
428 2109 534 2173 facere
552 2109 667 2194 possit.
700 2110 855 2190 [ceterum
875 2109 903 2174 si
917 2108 1001 2173 circa
1015 2109 1114 2173 inter·

108 2197 189 2261 itum
222 2197 270 2260 rei
302 2197 420 2261 dotalis
448 2197 541 2261 dolus
569 2200 672 2262 malus
701 2202 734 2262 et
761 2197 857 2280 culpa
884 2197 992 2262 mariti
1020 2198 1114 2282 absit,

109 2287 251 2350 actiones
280 2287 380 2370 solas,
408 2307 488 2368 quas
517 2307 554 2350 eo
578 2287 708 2350 nomine
731 2287 825 2370 quasi
847 2287 982 2350 maritus
1005 2286 1114 2369 habet,

107 2374 318 2457 praestandas
347 2374 489 2458 mulieri,
516 2374 617 2438 veluti
645 2375 724 2438 furti
746 2375 799 2438 vel
823 2375 931 2440 damni
954 2375 1112 2456 iniuriae]

193 2486 315 2545 lochosa
338 2487 425 2545 cerba
450 2483 530 2557 01111
551 2503 610 2544 reon
631 2487 723 2544 cidari
745 2483 920 2545 11111111
941 2491 1041 2547 mouet

528 2654 575 2713 De
596 2654 692 2713 111111.

196 2767 224 2832 7.
255 2763 294 2830 D.
313 2765 365 2850 41,
384 2765 414 2848 2,
435 2766 468 2848 1,
487 2765 517 2830 3.
561 2762 679 2827 Paulus
707 2761 792 2826 libro
822 2763 1112 2847 quinquagensimo

107 2859 222 2938 quarto
247 2853 287 2918 ad
306 2853 445 2918 edictum
465 2849 513 2938 (P.
533 2848 621 2939 657).
659 2849 772 2916 Ofilius
796 2856 882 2917 ...et
899 2849 1011 2917 Nerva
1028 2853 1111 2918 filius

106 2941 205 3006 etiam
230 2942 298 3007 sine
321 2941 438 3006 tutoris
463 2941 656 3006 auctoritate
674 2940 839 3024 possidere
857 2941 998 3025 incipere
1017 2964 1112 3026 posse

103 3031 264 3116 pupillum
288 3031 390 3094 aiunt:
420 3052 491 3095 eam
515 3031 600 3094 enim
622 3051 691 3094 rem
714 3028 806 3114 laeti,
832 3051 898 3095 non
925 3029 1005 3094 iuris
1034 3053 1112 3096 esse.

341 3204 387 3262 Dc
410 3205 586 3276 adquirendo
608 3221 706 3262 reram
729 3206 874 3263 domicio?

193 3315 221 3378 8.
246 3311 353 3398 D.50,
370 3315 512 3397 16,180,
529 3314 556 3378 1.
593 3311 791 3398 Pomponius
814 3313 896 3378 libro
920 3313 1109 3397 trigessimo

106 3402 144 3466 ad
174 3399 330 3467 Sabinum
359 3402 409 3488 (P.
430 3399 517 3488 753).
568 3401 683 3466 Ofilius
712 3401 759 3466 ait
785 3401 951 3485 tugurium
980 3405 1109 3467 11111ο

105 3494 271 3575 tamquam
299 3492 495 3577 tegolariam
522 3512 593 3556 esse
622 3490 755 3573 dictum,
781 3493 819 3554 ut
841 3494 934 3574 toga,
963 3491 1048 3575 quod
1072 3511 1112 3554 ea

102 3583 261 3664 tegamur.
1114 3575 1115 3580 ’

844 3681 898 3735 23*
