2600 3908
160 201 201 265 96
238 201 284 256 lV.
305 199 1012 257 SEPTIMISAEC.IURISOONSULT.SERIES
1028 197 1187 255 ALTERA
1238 203 1241 210 ⁴

247 365 294 428 2⁰.
322 363 352 429 J.
371 363 429 444 ΙΙΙ,
445 364 496 443 25,
511 365 540 430 2.
575 364 622 428 De
640 364 696 429 illa
715 386 791 428 sane
811 365 1028 429 conventione
1050 363 1184 448 quaesi·

158 458 228 517 tum
253 458 312 532 est,
340 454 367 517 si
389 452 493 518 Titius
517 458 549 517 et
572 451 662 518 Seius
685 453 770 518 inter
793 475 826 516 se
850 453 938 537 pecti
963 457 1052 536 sunt,
1077 457 1118 516 ut
1143 453 1186 518 cd

160 541 281 606 Titium
304 541 386 606 lucri
410 542 490 606 duae
514 545 623 626 partes
646 541 843 626 pertineant,
867 542 977 606 damni
1002 542 1116 624 tertie,
1143 542 1185 606 ad

161 629 268 696 Seium
293 631 373 695 duae
396 636 505 715 partes
529 631 652 714 domni,
677 631 757 695 lucri
780 630 888 712 tertia,
914 653 954 694 an
978 635 1057 695 rata
1083 630 1186 713 debet

159 719 272 784 haberi
308 721 488 785 conventio.
545 719 683 796 Quintus
715 718 840 784 Mucius
873 724 987 785 contra
1020 722 1185 784 naturam

160 809 325 874 societatis
353 809 451 872 talem
479 808 662 892 pactionem
690 829 760 872 esse
788 807 986 873 existimavit
1017 812 1052 872 et
1079 809 1123 872 ob
1149 808 1184 872 id

158 919 224 962 non
259 918 328 961 esse
355 903 460 961 ratam
489 897 679 961 habendam.
731 895 859 962 Servius
889 895 1055 982 Sulpicius
1087 898 1185 962 cuius

160 987 320 1050 sententia
344 985 538 1070 praevaluit,
563 991 675 1050 contra
699 987 797 1050 sentit
818 987 871 1050 rel.
993 997 994 1000 ’

249 1077 278 1140 3.
301 1073 340 1138 D.
361 1075 411 1156 ΙΙ,
430 1076 459 1157 2,
480 1076 508 1156 7,
527 1075 547 1138 9
571 1079 604 1139 et
629 1077 679 1138 11.
715 1071 875 1158 Ulpianus
897 1075 982 1140 libro
1002 1075 1183 1159 trigesimo

161 1163 201 1226 ad
228 1161 383 1227 Sabinum
407 1161 457 1247 (P.
478 1161 609 1249 273912).
637 1211 669 1230 ..
697 1161 725 1228 si
752 1185 817 1227 non
844 1163 943 1228 fuerit
970 1163 1184 1247 distinctum,

160 1251 286 1316 videtur
302 1253 388 1316 coita
403 1275 472 1316 esse
486 1252 711 1317 universorum
725 1273 806 1336 quae
821 1275 860 1316 ex
875 1256 1012 1336 quaestu
1028 1253 1182 1336 veniunt,
1288 1266 1291 1273 '

159 1341 221 1405 hoc
236 1345 286 1406 est
300 1342 328 1404 si
343 1341 427 1425 quod
443 1341 566 1406 lucrum
579 1341 788 1424 exemptione
800 1341 992 1425 venditione,
1007 1341 1181 1407 locatione

160 1431 371 1494 conductione
390 1429 561 1494 descendit.
594 1451 653 1494 nec
673 1430 789 1494 adiecit
804 1428 942 1495 Sabinus
956 1430 1180 1496 hereditatem

160 1520 210 1584 vel
225 1520 366 1604 legatum
382 1520 431 1582 vel
446 1519 637 1584 donationes
652 1520 766 1584 mortis
782 1541 879 1584 causa
893 1519 961 1586 sive
975 1541 1044 1584 non
1057 1521 1180 1584 mortis

160 1629 256 1672 causa
346 1613 378 1672 et
397 1609 443 1672 ita
463 1607 500 1672 de
520 1609 696 1672 hereditate
715 1609 826 1692 legato
841 1608 1016 1674 donatione
1032 1607 1179 1683 Quintus

158 1697 283 1762 Mucius
303 1697 422 1762 scribit.

565 1775 673 1866 creor
696 1807 759 1867 xv.

423 1927 469 1982 De
491 1924 645 1998 foederatis
668 1927 694 1982 et
715 1924 749 1982 dc
771 1923 904 1982 testibus.

246 2040 377 2098 Mucium
400 2058 461 2098 non
483 2038 570 2098 modo
595 2038 631 2096 de
651 2038 798 2116 hostibus,
823 2038 874 2096 sed
897 2037 986 2098 etiam
1011 2039 1048 2099 de
1069 2040 1174 2099 foede·

159 2129 234 2188 ratis
253 2128 360 2206 egisse,
378 2127 536 2203 Pomponii
553 2127 624 2186 libri
640 2125 787 2203 trigesimi
802 2126 923 2202 septimi
937 2127 975 2186 ad
990 2126 1023 2198 Q.
1035 2128 1175 2188 Mucium

158 2219 361 2294 fragmentum
389 2214 433 2292 (P.
459 2211 537 2292 319)
568 2215 689 2276 videtur
715 2215 853 2275 indicare.
904 2215 1007 2294 itaque
1034 2217 1185 2276 Mucium¹
1221 2275 1223 2282 ,

158 2306 214 2365 hoo
241 2307 305 2364 loco
332 2305 469 2382 inprimis
495 2304 531 2364 de
553 2304 768 2381 reciperatione
793 2307 823 2364 et
846 2304 882 2364 de
904 2306 1171 2382 recuperatoribus

159 2393 268 2454 dixisse
301 2393 396 2454 conici
427 2393 506 2453 licet.
556 2393 593 2453 cf.
621 2392 741 2453 Gallum
769 2393 890 2452 Aelium
920 2393 1001 2469 apud
1028 2389 1112 2454 Fest.
1142 2415 1170 2454 v.

156 2483 333 2560 reciperatio
356 2504 384 2560 p.
405 2485 476 2543 274.

248 2588 276 2650 1.
311 2583 349 2652 D.
377 2585 433 2667 50,
461 2585 567 2669 7,18.
618 2584 816 2668 Pomponius
853 2584 936 2649 libro
974 2583 1168 2668 trigensimo

158 2675 296 2757 septimo
325 2674 365 2738 ad
394 2672 548 2749 Quintum
576 2673 718 2738 Mucium
747 2672 794 2754 (P.
815 2673 904 2759 320).
1009 2695 1082 2737 eum
1111 2673 1168 2758 qui

115 2782 118 2793 ·
157 2764 301 2847 legatum
342 2763 532 2864 pulsasset,
559 2761 699 2864 Quiptus
736 2761 861 2828 Mucius
898 2761 971 2826 dedi
1007 2761 1168 2843 hostibus,

160 2851 1167 3024 quoerDsrppt1?gaMsoog{tslppnggtliffizpppriiegeizegularum

158 3024 207 3114 (P.
226 3025 316 3114 208).
358 3050 411 3092 eos
436 3027 491 3112 qui
514 3029 554 3093 ab
577 3027 725 3092 hostibus
749 3029 920 3118 capiuntur
943 3028 993 3092 vel
1016 3027 1166 3092 hostibus

159 3115 330 3200 deduntur,
362 3117 430 3180 iure
464 3117 656 3200 postliminii
683 3119 800 3181 reverti
828 3117 1005 3202 antiquitus
1033 3117 1166 3200 placuit.

247 3207 277 3272 3.
301 3203 412 3271 Cicero
431 3203 558 3299 Topii,
574 3207 624 3271 37.
645 3242 687 3251 —
707 3203 860 3270 Scaevola
880 3257 907 3271 ..
926 3205 961 3271 P.
980 3205 1001 3270 f.
1020 3206 1164 3270 iunctum

159 3301 227 3358 esse
254 3298 348 3379 putat
376 3295 521 3377 verbum,
550 3299 586 3360 ut
613 3295 711 3359 sitin
736 3317 773 3359 eo
797 3298 830 3358 et
854 3293 950 3379 ‘post'
975 3297 1007 3358 et
1030 3292 1165 3358 ‘limen't

27 3456 34 3479 Ι
109 3459 111 3464 Ι
158 3387 195 3448 ut
218 3405 299 3469 quae
323 3383 458 3449 anobis
481 3384 630 3468 alienata,
654 3405 725 3448 cum
746 3383 784 3447 ad
804 3383 931 3448 hostem
949 3385 1165 3468 pervenerint,

159 3495 198 3538 ex
221 3496 279 3538 suo
298 3477 453 3558 tanquam
473 3473 583 3538 limine
603 3472 748 3558 exierint,
771 3495 808 3537 ea
828 3495 899 3537 cum
918 3471 1072 3536 redierint
1089 3475 1165 3557 post

160 3563 198 3626 ad
222 3562 307 3627 idem
331 3563 439 3647 limen,
463 3563 662 3647 postliminio
685 3563 805 3627 redisse
830 3561 1004 3626 videantur.
