2614 3914
420 198 445 248 5.
470 193 499 250 C.
514 193 722 250 TREBATIUS
741 193 858 248 TESTA
1079 195 1145 260 419

129 357 182 422 rci-
206 356 329 421 furtum
356 356 456 422 faciat
484 379 526 422 an
548 378 623 422 vero
647 357 717 422 eius
740 360 868 422 tantum
893 356 978 442 quod
1001 357 1147 424 abstulit.

131 445 249 511 Ofilius
282 445 383 511 totius
415 446 521 512 acervi
552 446 656 510 furem
690 467 759 510 csse
788 449 896 530 putet:
926 468 1003 510 nam
1031 452 1064 510 et
1091 447 1146 532 qui

133 556 244 600 aurem
277 534 412 600 alicuius
444 535 569 620 tetigit,
600 534 706 618 inquit
736 534 908 600 Trebatius
937 539 1044 600 totum
1071 557 1146 600 eum

130 623 235 690 videri
257 623 414 709 tetigisse.

402 817 449 875 De
471 817 625 876 arboribus
646 815 751 888 furtim
773 817 873 874 coesus.

221 933 273 1000 50.
301 933 341 999 D.
359 935 402 998 47
409 985 419 1022 ,
438 935 471 1020 7,
492 935 520 1000 1.
556 932 678 1004 Paulus
706 933 791 1000 libro
813 955 901 1000 nono
925 933 965 998 ad
989 931 1144 999 Sabinum

129 1020 182 1107 (P.
203 1021 312 1108 1803).
358 1021 393 1088 si
419 1022 534 1087 furtim
558 1023 689 1088 arbores
713 1043 825 1089 caesae
848 1023 928 1105 sint,
955 1026 988 1087 ct
1010 1043 1049 1087 ex
1071 1023 1144 1110 lege

130 1111 264 1196 Aquilia
292 1115 325 1176 et
353 1133 392 1176 ex
419 1111 586 1177 duodecim
614 1111 799 1176 tabularum
821 1112 960 1176 dandam
983 1111 1144 1177 actionem

130 1199 240 1266 Labeo
273 1201 333 1284 ait3
366 1200 422 1265 sed
449 1199 620 1265 Trebatius
653 1201 701 1265 ita
729 1204 900 1285 utramque
928 1200 1080 1285 dandam,
1107 1207 1144 1267 ut

129 1289 227 1354 iudex
245 1290 279 1353 in
297 1289 478 1373 posteriore
497 1289 633 1354 deducat
650 1288 682 1353 id
702 1289 788 1374 quod
807 1290 964 1374 (actori)
982 1311 1021 1354 ex
1038 1290 1144 1374 prima
1221 1373 1224 1380 .
1243 1333 1245 1340 ·

129 1381 322 1444 consecutus
346 1377 389 1442 sit
412 1383 445 1443 ct
467 1377 591 1462 reliquo
615 1377 816 1444 condemnet.

219 1498 268 1557 An
295 1501 429 1558 extrema
454 1499 548 1559 verba
571 1497 745 1558 Triboniani
767 1498 828 1556 sint
856 1489 984 1578 (Eiselez
1012 1499 1101 1558 Arch.
1121 1500 1143 1558 f.

129 1587 157 1647 d.
178 1586 232 1647 civ.
252 1587 358 1647 Praxis
377 1586 510 1664 LXXIX,
525 1589 589 1648 378
612 1606 640 1646 n.
655 1579 727 1667 40),
750 1585 860 1646 nescio.

220 1675 255 1736 cf.
274 1675 310 1735 D.
326 1677 378 1749 44,
390 1677 419 1750 7,
435 1678 475 1736 32
499 1675 770 1753 Hermogenianus:
795 1672 870 1733 Oum
894 1694 930 1734 ex
952 1695 1012 1736 uno
1034 1675 1142 1737 delicto

129 1765 232 1840 plures
268 1769 435 1824 nascuntur
470 1764 614 1841 actiones,
651 1763 730 1823 sicut
766 1765 878 1836 evenit,
915 1782 983 1823 cum
1019 1764 1142 1826 arbores

129 1853 237 1911 furtim
268 1871 371 1913 caesae
403 1853 557 1929 dicuntur,
590 1853 727 1912 omnibus
755 1852 883 1929 experiri
910 1853 1045 1928 permitti
1072 1857 1142 1930 post

130 1960 255 2019 magnas
277 1942 440 2002 vanietatcs
464 1942 604 2018 optinuit.

537 2119 585 2179 De
606 2122 733 2181 iniuriis.

218 2238 271 2304 51.
298 2236 337 2302 D.
355 2238 409 2321 47,
430 2239 599 2323 10,17‚2.
636 2238 796 2322 Ulpianus
819 2237 904 2304 libro
923 2237 1142 2323 quinquagen-

129 2328 213 2392 simo
246 2327 383 2412 septimo
417 2327 458 2392 ad
488 2328 628 2392 edictum
662 2326 710 2413 (P.
731 2324 856 2414 1359b).
906 2325 1023 2392 Scrvus
1051 2349 1154 2392 meus.

128 2437 228 2500 opera
247 2417 298 2480 vel
318 2416 461 2500 querella
480 2425 536 2480 tua
550 2416 688 2499 flagellis
707 2438 819 2481 caesus
839 2419 889 2481 est
907 2438 927 2480 a
947 2417 1141 2502 magistratu

130 2508 254 2570 nostro.
295 2503 382 2569 Mela
404 2508 499 2590 putat
522 2505 661 2570 dandam
680 2505 760 2569 mihi
777 2505 968 2570 iniuriarum
987 2507 1140 2570 adversus

128 2601 176 2674 tc,
199 2594 235 2658 in
258 2598 413 2678 quantum
437 2593 478 2659 ob
503 2615 574 2658 eam
597 2615 665 2658 rem
689 2615 827 2678 aequum
849 2593 947 2658 iudici
969 2593 1140 2676 videbitur,

127 2686 175 2765 et,
209 2683 236 2746 si
269 2704 379 2747 servus
409 2682 595 2767 decesserit,
628 2682 793 2746 dominum
826 2682 893 2746 eius
921 2702 1017 2766 agere
1044 2702 1140 2766 possa

128 2769 238 2836 Labeo
263 2772 318 2854 ait,
341 2771 477 2856 quiade
501 2772 632 2854 damno,
656 2770 741 2856 quod
763 2770 994 2856 periniurium
1016 2770 1140 2835 factum

127 2863 192 2943 cst,
216 2863 339 2946 agatur.
381 2863 413 2924 et
436 2860 482 2925 ita
505 2859 657 2926 itabatio
680 2861 812 2944 placuit.

217 2980 253 3039 cf.
273 2978 337 3040 Gai.
353 2981 470 3058 aaut:
494 2975 692 3057 ‘permittitur
711 3028 717 3040 .
733 3028 739 3041 .
758 2981 844 3040 nobis
868 2999 886 3039 a
908 2982 1046 3055 praetore
1065 2979 1138 3055 ipsis
1262 3006 1265 3012 ·

126 3068 270 3128 iniuriam
296 3069 455 3128 aestimare
484 3074 515 3129 et
541 3070 631 3130 iudex
657 3070 707 3131 vel
731 3070 811 3130 tanti
834 3069 1010 3130 condemnat
1033 3069 1140 3146 quanti

126 3176 181 3218 nos
209 3157 469 3218 aestimaverimus
495 3158 545 3219 vel
571 3158 708 3232 minoris,
735 3161 827 3235 prout
852 3158 880 3217 ei
903 3157 1002 3218 visum
1024 3151 1138 3217 fuerit’.

511 3345 559 3404 Dc
580 3345 644 3404 dolo
666 3345 752 3404 molo.
800 3380 801 3384 =

215 3462 267 3528 52.
299 3461 338 3528 D.
362 3463 397 3544 4,
417 3463 452 3543 3,
472 3462 526 3544 18,
545 3463 575 3529 4.
620 3462 741 3528 Paulus
777 3462 861 3528 libro
894 3463 1062 3530 undecimo
1096 3464 1137 3529 ad

125 3550 266 3617 edietum
299 3550 348 3638 (P.
372 3547 461 3637 209).
512 3549 594 3617 Dolo
627 3553 716 3618 cuius
751 3551 898 3617 effectum
932 3556 994 3637 est,
1026 3558 1064 3618 ut
1095 3553 1137 3619 lis

868 3654 925 3710 27*
