2600 3908
175 215 222 277 ἹΟ
258 214 305 270 IV.
328 213 474 268 SEPTIMI
489 212 587 270 SAEO.
601 213 698 268 IURIS
714 213 886 268 CONSULT.
902 211 1028 268 saulus
1043 211 1188 268 ALTERA

178 382 338 462 generibus
366 385 397 441 et
425 382 461 441 de
487 382 606 441 heredis
629 381 820 440 institutione
843 381 948 459 egisse.
992 381 1120 441 fortasse
1144 402 1188 462 ea,

179 491 255 549 quae
274 471 395 530 Laelius
414 471 498 530 Felix
521 474 552 530 et
571 469 664 530 Gaius
682 470 722 547 H,
739 473 799 528 111
813 488 855 546 sq.
880 470 916 528 de
939 473 1188 532 testamentorum

177 561 305 620 historia
331 560 468 635 tradunt,
497 559 608 629 Quinto
635 559 734 618 Mucio
764 559 933 618 adtribuere
960 559 1041 618 licet.
1085 561 1188 640 itaque

178 649 334 724 utriusque
357 649 449 708 verba
471 649 528 707 hoc
551 649 616 708 loeo
638 648 802 723 repetenda
822 647 936 724 putavi.
985 665 988 672 ·

269 734 310 796 1⁸.
343 731 424 796 Geli.
450 734 504 815 15,
523 733 575 796 27.
610 767 648 779 -
683 731 719 795 In
753 731 836 796 libro
867 729 969 795 Laelii
999 731 1115 799 Felicis
1148 737 1188 800 ad

177 821 214 898 Q.
241 821 382 886 Mucium
415 821 520 904 primo
553 821 707 904 scriptum
735 827 798 904 est,
829 819 1013 885 Labeonem
1041 823 1189 904 scribere,

178 911 287 976 calata
323 909 456 974 comitia
493 931 576 994 esse,
612 931 695 994 quae
727 931 786 992 pro
819 909 966 993 conlegio
998 911 1188 993 pontificum

179 999 342 1063 habentur
379 1003 436 1062 aut
473 999 559 1082 regis
595 1001 651 1062 aut
686 997 854 1061 flaminum
891 998 1190 1083 inaugurandorum

179 1109 284 1152 causa.
327 1109 437 1151 eorum
461 1091 569 1150 autem
587 1087 651 1151 alia
669 1108 740 1152 esse
760 1087 891 1169 curiata,
913 1087 978 1150 alia
996 1090 1192 1156 centuriata:

179 1176 303 1241 curiata
325 1197 383 1260 per
406 1176 553 1240 lictorem
576 1175 734 1240 curiatum
759 1175 866 1259 calari,
890 1175 922 1238 id
941 1179 991 1239 est
1010 1181 1190 1261 convocari,

178 1265 358 1330 centuriata
380 1287 438 1348 per
461 1264 663 1329 cornicinem.

268 1352 374 1417 isdem
398 1353 546 1436 comitiis,
571 1375 652 1437 quae
676 1352 961 1436 calataappellari
985 1353 1133 1440 diximus,
1157 1361 1191 1422 01

180 1465 344 1508 sacrorum
368 1443 540 1507 detestatio
564 1449 597 1506 et
619 1445 814 1522 testamenta
836 1441 908 1520 fieri
929 1443 1084 1508 solebant.
1125 1447 1191 1514 tria

179 1532 264 1597 euim
297 1553 414 1616 genera
440 1535 708 1596 testamentorum
736 1530 835 1594 fuisse
863 1531 1057 1613 accepimus:
1088 1555 1190 1600 uuum

179 1621 264 1704 quod
286 1621 398 1684 calatis
418 1621 557 1685 comitiis
577 1621 611 1684 in
630 1620 742 1703 populi
762 1619 909 1683 contione
928 1619 1027 1703 fieret,
1051 1623 1190 1688 alterum

179 1710 212 1774 in
231 1711 406 1794 procinctu,
430 1731 501 1774 cum
521 1709 580 1773 viri
599 1707 640 1772 ad
658 1708 816 1792 proelium
833 1707 1014 1773 faciendum
1034 1710 1066 1774 in
1086 1713 1190 1777 aciem

178 1799 391 1878 vocabantur,
419 1799 549 1862 tertium
577 1819 635 1880 per
659 1795 800 1860 familiae
823 1795 1109 1884 mancipationem,
1138 1803 1190 1866 cui

179 1910 233 1952 aes
257 1891 289 1952 et
312 1888 396 1951 libra
419 1886 634 1950 adhiberetur.
1028 1943 1029 1946 ,

270 1975 312 2041 1¹³.
332 1973 636 2058 0011110101.-
651 1973 932 2038 Testamentorum
948 1980 1055 2040 autem
1070 1997 1191 2060 genera

178 2065 272 2129 initio
288 2065 350 2128 duo
364 2063 509 2127 fuerunt:
523 2085 598 2126 nam
613 2067 670 2127 aut
684 2061 798 2126 calatis
811 2063 949 2126 comitiis
959 2067 1192 2132 testamentum

178 2154 356 2233 faciebant,
383 2173 464 2237 quae
490 2151 622 2216 comitia
648 2152 695 2216 bis
720 2151 755 2214 in
777 2173 862 2215 anno
886 2153 1090 2218 testamentis
1113 2154 1190 2221 faci·

180 2241 269 2305 endis
297 2241 459 2306 destinata
487 2245 592 2324 erant,
625 2244 681 2304 aut
707 2241 742 2304 in
768 2239 948 2326 procinctu,
978 2242 1012 2306 id
1040 2247 1088 2306 est
1116 2265 1190 2309 cum

178 2330 257 2394 belli
286 2351 382 2394 eausa
410 2351 501 2394 arma
529 2329 712 2412 sumebant;
740 2329 923 2413 procinctus
952 2335 1002 2394 est
1029 2333 1114 2395 enim
1138 2353 1191 2397 ex·

178 2419 307 2504 peditus
333 2422 365 2482 et
388 2423 529 2482 armatus
554 2419 720 2482 exercitus.
763 2418 898 2482 alterum
921 2419 1030 2503 itaque
1053 2420 1087 2484 iu
1110 2443 1191 2505 pace

180 2513 212 2572 et
248 2507 282 2572 iu
318 2507 385 2572 0110
424 2507 597 2589 faciebant,
635 2507 771 2571 alterum
805 2505 839 2570 in
871 2506 1030 2590 proelium
1063 2509 1190 2575 exituri.

179 2598 316 2662 accessit
349 2595 461 2660 deinde
493 2597 625 2660 tertium
657 2617 758 2680 genus
787 2597 987 2681 testamenti,
1020 2597 1105 2682 quod
1134 2621 1192 2682 per

180 2707 235 2750 aes
255 2689 287 2750 et
306 2685 420 2750 libram
441 2685 558 2768 agitur.
600 2685 656 2769 qui
673 2706 775 2768 neque
794 2685 907 2748 calatis
927 2686 1068 2750 comitiis
1087 2708 1191 2772 neque

179 2775 214 2838 in
242 2775 409 2858 procinctu
437 2777 666 2838 testamentum
689 2773 824 2855 fecerat,
851 2773 879 2838 is
903 2774 931 2838 si
955 2775 1062 2839 subita
1086 2784 1191 2840 morte

180 2864 388 2947 urguebatur,
412 2862 515 2927 amico
535 2862 693 2926 familiam
713 2884 814 2944 suam,
837 2861 870 2926 id
890 2867 940 2926 est
959 2863 1191 2946 patrimonium

180 2972 288 3033 suum,
316 2951 477 3035 mancipio
502 2951 613 3032 dabat,
642 2971 777 3034 eumque
800 2951 951 3034 rogabat,
974 2952 1050 3036 quid
1075 2954 1189 3036 cuique

180 3043 406 3122 postmortem
422 3061 513 3102 suam
525 3039 592 3102 dari
602 3039 706 3104 vellet.
739 3039 824 3122 quod
834 3043 1062 3105 testamentum
1073 3041 1190 3106 dicitur

179 3149 238 3212 per
269 3149 323 3192 aes
356 3132 388 3191 et
415 3128 545 3206 libram,
579 3127 703 3191 scilicet
730 3127 806 3211 quia
832 3149 889 3210 per
918 3130 1189 3212 mancipationem

179 3215 346 3301 peragitur
456 3239 533 3280 sane
560 3238 645 3280 nuno
674 3215 770 3296 aliter
798 3215 965 3281 ordinatur
990 3241 1087 3302 quam
1111 3220 1188 3283 olim

182 3304 315 3370 solebat.
360 3327 498 3390 namque
527 3305 605 3369 olim
628 3305 771 3368 familiae
795 3309 935 3386 emptor,
963 3306 995 3369 id
1019 3312 1069 3370 est
1092 3309 1145 3392 qui
1170 3330 1189 3372 a

180 3399 335 3460 testatore
367 3393 524 3458 familiam
558 3393 681 3477 accepit
713 3394 886 3478 mancipio,
923 3395 1050 3459 heredis
1068 3397 1188 3461 iocum

181 3485 349 3566 optinebat
372 3491 404 3548 et
428 3485 468 3548 ob
492 3485 524 3547 id
548 3484 578 3547 ei
601 3483 777 3546 mandabat
800 3486 950 3566 testator,
977 3485 1053 3566 quid
1076 3485 1189 3568 cuique

180 3579 256 3656 post
278 3577 424 3638 mortem
439 3595 529 3636 suam
554 3571 623 3637 dari
647 3573 752 3636 vellet.
