2598 3910
414 223 439 274 ὃ.
464 220 493 275 G.
508 217 637 273 AELIUS
657 218 796 275 GALLUS
1045 221 1112 286 249

99 405 164 469 quo
202 387 238 446 in
275 403 391 465 genere
427 388 503 448 sunt
538 382 632 447 haec:
668 383 703 446 in
739 383 850 447 aedem
885 383 996 449 Bonae
1034 385 1112 449 deae

98 473 207 537 virum
235 471 385 556 introire,
415 473 568 537 adversus
597 471 741 555 euspioia
763 473 868 557 legem
891 472 932 537 sd
955 475 1112 558 populum

99 561 200 642 ferre,
229 560 279 624 die
306 561 433 626 nefasto
462 561 548 645 apud
572 565 755 644 praetorem
782 561 853 648 lege
877 583 982 645 ogere.
1026 562 1112 626 inter

101 671 230 716 sacrum
262 653 369 714 autem
398 653 431 714 et
459 653 607 715 sanetum
637 654 669 714 et
696 650 885 734 religiosum
913 649 1113 716 differentias

100 739 278 803 bellissime
300 739 413 803 refert:
444 761 570 802 sacrum
594 737 774 802 aedifioium
797 743 1018 803 consecratum
1044 738 1113 824 deo,

101 830 252 892 sanctum
279 850 406 892 murum
435 827 490 912 qui
518 829 561 892 sit
584 827 705 892 oiroum
728 827 896 911 oppidum,
923 827 1111 913 religiosum

100 917 297 1000 sepulcrum,
333 917 390 980 ubi
426 919 573 981 mortuus
607 917 750 999 sepultus
784 920 840 980 aut
872 915 1026 980 humatus
1061 917 1113 999 sit,

101 1005 182 1069 satis
210 1009 359 1070 constare
388 1005 447 1090 oit3
476 1005 531 1070 sed
559 1005 639 1069 item
666 1005 791 1068 ratione
815 1005 953 1088 quadam
978 1010 1010 1069 et
1033 1008 1113 1069 tem·

99 1094 234 1178 poribus
263 1094 374 1158 eadem
402 1094 503 1158 videri
530 1115 639 1177 posse,
667 1094 695 1156 si
724 1093 853 1176 quidem
878 1094 961 1177 quod
986 1115 1112 1158 sacrum

99 1186 163 1260 est,
196 1181 284 1246 idem
311 1183 384 1268 lege
413 1187 469 1248 eut
495 1182 647 1246 instituto
679 1181 838 1246 maiorum
867 1187 1014 1247 senatum
1043 1205 1113 1246 esse

99 1274 208 1355 putat,
245 1273 283 1334 ut
317 1271 432 1336 violari
468 1270 603 1335 id'sine
634 1292 739 1352 poena
770 1292 836 1335 non
868 1275 981 1355 possit.
1026 1271 1111 1335 idem

98 1359 288 1444 teligiosum
312 1381 438 1444 quoque
461 1381 541 1440 esse,
564 1359 716 1442 quoniam
741 1359 784 1422 sit
807 1359 938 1444 aliquid,
961 1361 1112 1446 quodibi

98 1449 226 1513 homini
257 1447 363 1513 facere
395 1469 461 1512 non
493 1447 603 1529 liceet3
636 1447 720 1530 quod
753 1449 780 1511 si
812 1449 926 1531 faoiat‚
958 1449 1113 1514 adversus

100 1537 236 1603 deorum
259 1537 459 1602 voluntatem
482 1535 632 1601 videatur
654 1535 769 1620 faeere,
792 1536 940 1601 simfliter
963 1538 1001 1601 de
1020 1561 1113 1602 muro

101 1630 135 1692 et
166 1626 315 1710 sepulcro
345 1626 459 1690 debere
488 1625 667 1707 observari,
694 1628 731 1688 ut
758 1625 870 1688 eadem
898 1630 931 1690 et
959 1648 1052 1691 saara
1080 1633 1113 1691 et

101 1721 216 1781 sanata
244 1719 277 1779 et
303 1714 456 1800 religiosa
483 1714 573 1778 fient.
621 1711 691 1798 [sed
719 1735 782 1796 quo
811 1713 905 1778 modo
934 1736 1032 1798 supra
1061 1737 1113 1779 ex-

98 1805 245 1888 positum
270 1808 334 1888 est,
358 1826 430 1868 oum
454 1803 491 1868 de
516 1825 607 1867 sacro
631 1801 794 1886 diximus]

492 1967 725 2038 ‘Remuuu'pata’

191 2073 242 2136 11.
270 2071 356 2136 Fest.
380 2071 455 2135 277.
477 2107 522 2116 -
562 2069 832 2153 Remeneipatam
860 2067 973 2133 Gallus
1002 2070 1114 2134 Aelius

99 2183 171 2226 esse
203 2161 264 2242 ait,
295 2181 376 2244 quae
404 2160 587 2244 mancipate
615 2159 658 2222 sit
687 2158 727 2222 ab
757 2179 808 2242 e0,
841 2158 891 2221 cui
919 2158 952 2222 in
982 2181 1113 2223 manum

98 2249 294 2315 convenerit.

555 2333 661 2388 ‘Reus'

191 2437 242 2500 12.
270 2435 356 2500 Fest.
380 2435 454 2499 273.
485 2470 522 2480 -
554 2433 665 2496 Gallus
693 2432 804 2496 Aelius
836 2433 919 2498 libro
948 2433 982 2498 II
1016 2435 1113 2518 signi·

98 2525 288 2590 ficationum
317 2524 490 2588 verborum
518 2543 600 2607 quae
628 2521 668 2584 ad
694 2520 744 2584 ius
768 2521 933 2604 pertinent
956 2523 1016 2586 eit:
1043 2543 1114 2588 retas

99 2619 156 2697 est,
184 2615 240 2696 qui
265 2634 335 2678 uuuu
358 2613 453 2677 altero
477 2611 560 2675 litem
583 2614 780 2674 contestatam
802 2609 898 2693 habet,
920 2612 984 2675 siue
1005 2613 1034 2676 is
1056 2613 1116 2694 eyit

99 2705 162 2769 siae
194 2723 264 2767 autu
287 2723 320 2767 eo
347 2706 450 2766 aetum
477 2705 528 2764 est.
573 2718 644 2762 reus
670 2699 843 2778 saeuiendi
869 2705 914 2763 est
940 2701 1033 2783 idem,
1061 2701 1115 2782 qui

19 2847 20 2850 ,
99 2793 266 2874 stipulator
301 2791 429 2872 dicitur,
465 2789 575 2874 quippe
610 2807 665 2852 suo
702 2787 825 2851 uomiue
860 2787 898 2852 ab
934 2789 1029 2854 altero
1060 2791 1116 2870 qui

100 2881 267 2964 stipulatus
294 2885 349 2961 est,
374 2899 438 2944 aaa
464 2880 493 2942 is
520 2877 575 2959 qui
602 2876 694 2940 alteri
719 2877 926 2958 adstipulatus
948 2882 999 2944 est.
1043 2899 1115 2943 reus

95 2971 304 3051 promittendo
336 2974 391 3051 est,
423 2969 477 3050 qui
508 2987 563 3032 suo
595 2966 718 3030 uouiue
750 2965 839 3030 alteri
870 2967 946 3048 quid
965 2969 1116 3050 promisit

99 3059 189 3141 quiue
206 3079 267 3140 pro
289 3057 384 3122 altero
406 3057 483 3138 quid
498 3055 651 3137 promisit.

534 3211 685 3280 ‘Royatio’

194 3317 245 3382 13.
272 3315 358 3380 Fest.
382 3315 456 3379 266.
487 3349 525 3359 —-
556 3310 671 3376 Gallus
695 3311 808 3376 Aelius
833 3313 892 3375 ait:
920 3315 1000 3377 iuter
1023 3313 1115 3394 leyeui

102 3412 131 3472 et
151 3407 341 3490 royatiouem
363 3405 418 3468 hoa
440 3403 580 3468 interest:
602 3401 720 3482 ioyutio
742 3405 786 3464 est
804 3420 900 3481 aeuus
923 3402 1012 3483 leyis;
1036 3422 1114 3482 quae

103 3497 167 3574 lea,
194 3515 258 3559 uou
285 3495 428 3560 aoutiuuo
455 3513 491 3556 aa
517 3490 636 3571 royutio
659 3493 710 3554 est.
750 3486 912 3572 <r09atio>
935 3511 998 3554 uou
1013 3495 1117 3572 potest

102 3606 166 3650 uou
189 3604 251 3648 esse
274 3585 334 3667 lea,
356 3583 385 3648 si
407 3581 495 3646 modo
518 3578 609 3642 iustis
631 3577 762 3642 comitiis
784 3581 893 3658 royata
915 3584 966 3642 est.
