2598 3910
184 209 248 272 286
277 209 349 263 VIII.
366 207 500 264 OCTAVI
515 207 613 266 SAEO.
624 209 720 264 IURIS
735 208 910 266 CONSULT.
922 209 1045 265 sufflas
1058 209 1195 266 TERTIA

271 372 300 437 8.
332 371 371 438 D.
395 339 480 437 ibid.⁴
496 375 516 454 ἓ
534 375 565 438 4.
616 371 696 437 Cum
728 372 797 456 pila
829 372 1010 458 complures
1038 374 1197 458 luderent,
1286 411 1287 454 3

182 460 312 545 quidam
336 483 374 525 ex
397 462 448 525 his
473 463 643 544 servulum,
666 484 738 526 cum
762 463 863 546 pilam
885 462 1049 546 percipere
1068 485 1197 528 conare·
1285 497 1287 502 v

182 555 245 633 tur,
264 550 403 632 impulit,
423 572 532 614 servus
552 549 667 616 cecidit
686 556 718 614 et
737 572 809 614 erus
829 551 936 635 fregit
970 552 1197 636 quaerebatur,

184 661 225 702 an
244 639 392 704 dominus
412 639 529 704 servuli
548 641 619 724 lege
636 639 768 723 Aquilia
787 661 859 703 eum
879 661 925 722 eo,
945 641 1035 704 cuius
1051 641 1197 725 impulsu

182 727 350 810 ceciderat,
372 749 468 813 agere
486 731 604 812 potest.
645 727 799 812 respondi
816 749 882 792 non
900 750 1006 812 posse,
1025 751 1099 793 cum
1120 752 1197 794 casu

181 817 286 901 magis
310 839 408 901 quam
432 817 527 900 culpa
550 817 712 880 rideretur
734 817 866 881 factum.

586 955 630 1010 De
644 957 787 1024 pauperie.

269 1057 299 1120 9.
327 1055 366 1120 D.
385 1056 415 1139 9,
438 1057 465 1139 1,
483 1055 513 1120 5.
547 1056 695 1120 Alfenus·
707 1057 792 1121 libro
814 1056 955 1121 secundo
974 1057 1194 1142 Digestorum.

180 1145 291 1230 Agaso
325 1167 396 1208 curn
416 1145 461 1221 iu
494 1146 663 1210 tabernam
696 1167 814 1229 equum
852 1145 1035 1229 deduceret,
1072 1148 1195 1211 mulam

180 1255 278 1317 equus
312 1233 434 1317 olfecit,
468 1233 557 1298 mula
590 1233 709 1298 calcem
741 1233 852 1298 reiecit
885 1238 918 1298 et
950 1257 1022 1299 crus
1057 1237 1195 1320 agasoni

179 1321 288 1407 fregit.
326 1323 561 1406 consulebatur,
584 1327 734 1406 possetne
758 1345 832 1387 eum
854 1322 985 1388 domino
1004 1323 1112 1389 mulae
1132 1326 1194 1408 agi,

170 1411 263 1496 -quod
289 1432 326 1474 ea
349 1412 537 1496 pauperiem
560 1412 699 1476 fecisset.
741 1411 894 1495 respondi
916 1433 1023 1496 posse.

270 1499 320 1563 10.
349 1499 386 1562 D.
407 1502 440 1584 9,
459 1502 496 1583 2,
515 1500 571 1583 52,
591 1502 621 1566 3.
663 1500 800 1564 Alfenus
824 1501 908 1566 libro
933 1501 1074 1565 secundo
1098 1500 1194 1587 Dige-

179 1593 312 1653 s.torum
364 1551 501 1666 Quidani
535 1590 633 1655 boves
666 1588 809 1654 vendidit
841 1611 879 1654 ea
906 1590 992 1674 lege,
1025 1590 1073 1653 uti
1102 1590 1195 1655 daret

178 1677 403 1762 experiundos
429 1682 544 1762 postea
558 1678 647 1743 dedit
660 1677 884 1762 experiundos.
908 1679 1063 1762 emptoris
1079 1701 1193 1743 servus

177 1767 211 1831 in
244 1767 440 1850 experiundo
473 1789 642 1850 percussus
675 1767 717 1831 ab
749 1767 796 1831 alt
781 1770 851 1831 tero
886 1766 966 1831 bove
999 1789 1101 1832 cornu
1132 1773 1193 1832 est.

178 1856 353 1940 quaerebat
355 1878 402 1942 ur,
425 1879 501 1920 num
525 1856 674 1920 venditor
694 1856 833 1940 emptori
853 1856 1005 1920 damnum
1024 1861 1193 1939 praestare

178 1944 317 2009 deberet.
363 1945 529 2028 respondi,
557 1946 585 2008 si
614 1950 741 2028 emptor
769 1944 867 2009 boves
897 1947 985 2028 empt
987 1966 1023 2009 os
1046 1944 1194 2029 haberet,

176 2055 243 2098 non
263 2034 377 2098 debere
396 2038 506 2116 praest
509 2055 575 2116 are3
599 2033 699 2097 sed
674 2056 701 2096 sr
720 2055 786 2098 non
806 2032 941 2096 haberet
959 2038 1096 2116 emptos,
1120 1995 1194 2099 tuni

177 2123 204 2185 si
237 2123 332 2204 culpa
362 2122 500 2186 hominis
528 2121 650 2186 factum
678 2128 777 2207 esset,
831 2127 892 2186 ta
920 2121 1001 2186 bove
1029 2122 1193 2203 feriretur,

177 2232 243 2274 non
266 2210 380 2273 debere
403 2210 577 2294 praestari,
601 2211 628 2273 si
652 2209 731 2275 vitio
756 2145 862 2293 lieris,
886 2209 1009 2274 debere.

536 2349 580 2403 Dc
596 2365 672 2404 servo
690 2356 825 2419 corrupto.

267 2450 316 2513 11.
347 2447 385 2513 D.
407 2449 462 2530 11,
481 2450 515 2533 3,
537 2451 586 2515 16.
631 2449 767 2514 Alfenus
798 2449 902 2514 Varus
933 2449 1017 2514 libro
1049 2452 1192 2517 secundo

175 2537 392 2625 Digestorum.
442 2538 600 2604 Dominus
630 2561 757 2604 servum
784 2539 1038 2622 dispensatorem
1073 2563 1191 2605 manu-

175 2627 278 2711 misit,
305 2632 419 2712 postea
447 2629 589 2703 rationes
618 2628 658 2693 ab
685 2650 721 2692 eo
751 2628 875 2711 accepit
899 2632 931 2691 et
955 2651 1026 2693 cum
1051 2629 1097 2694 eis
1121 2651 1190 2694 non

175 2721 353 2800 constaret,
381 2718 527 2801 conperit
551 2719 633 2801 apud
659 2717 820 2802 quandam
844 2717 1067 2782 mulierculam
1090 2740 1189 2801 pecu-

174 2807 262 2870 niam
286 2828 359 2869 eum
383 2808 636 2889 consumpsisse:
662 2806 889 2890 quaerebatur,
913 2809 1066 2887 possetne
1091 2829 1189 2892 agere

175 2895 258 2957 servi
276 2896 419 2978 corrupti
438 2915 509 2957 oum
530 2917 568 2959 ea
586 2895 729 2973 muliere,
749 2916 820 2959 cum
839 2895 867 2957 is
887 2916 997 2958 servus
1016 2894 1083 2959 iam
1103 2896 1190 2960 liber

175 2985 269 3045 esset.
318 2981 472 3066 respondi
500 3004 609 3066 posse,
643 2982 699 3046 sed
727 2983 825 3046 etiam
853 2983 931 3047 furti
960 2983 998 3046 de
1031 2985 1188 3068 pecuniis,

175 3092 255 3154 quas
280 3091 390 3134 servus
414 3070 454 3133 ad
478 3092 548 3134 eam
572 3071 749 3135 detulisset.

594 3209 638 3264 Dc
655 3210 768 3264 iudicio.

264 3301 314 3366 12.
346 3301 385 3367 D.
404 3301 434 3387 5,
455 3304 483 3384 l,
504 3301 553 3366 76.
592 3301 727 3366 Alfenus
751 3301 834 3366 libro
854 3307 944 3368 sexto
964 3303 1184 3388 Digestorum.

173 3389 420 3474 Proponebatur
452 3413 490 3455 ex
521 3390 572 3454 his
605 3391 776 3474 iudicibus,
808 3392 864 3475 qui
891 3393 925 3455 in
948 3393 1088 3457 'eandem
1117 3416 1184 3459 rem

174 3479 241 3541 dati
264 3483 381 3560 essent,
403 3481 575 3544 nonnullos
598 3501 696 3543 causa
720 3478 829 3543 audita
853 3487 1022 3545 excusatos
1041 3503 1113 3546 esse
1135 3483 1183 3546 in-

174 3587 234 3647 que
263 3589 373 3631 eorum
403 3569 509 3634 locum
533 3569 613 3633 alios
637 3589 706 3632 esse
730 3571 876 3651 sumptos
902 3573 935 3632 et
959 3571 1183 3654 quaerebatur,
