2588 3908
165 183 231 248 214
266 183 313 239 vr.
335 163 892 240 ocrsvrssce.1ca1scorsocu
912 181 1036 238 suffles
1055 181 1174 236 rarus
1284 137 1286 148 ⁴

164 353 284 412 domum
302 351 497 429 unicuique
515 354 678 411 nostrum
697 351 803 410 debere
823 350 998 428 existimari,
1018 351 1072 411 ubi
1089 351 1172 427 quis-

165 461 221 517 que
244 484 274 500 ..
298 459 443 500 suarum
471 487 499 502 ..
527 459 645 498 rerum
674 439 978 499 constitutionem
1000 435 1172 500 fecisset'

163 533 266 606 aperte
292 528 539 606 interpolatorem
565 528 703 604 produnt.
750 531 819 587 ante
847 528 948 588 oculos
975 529 1082 588 habuit
1107 529 1172 588 sine

163 619 254 678 dubio
281 618 470 695 imperatoris
498 617 679 677 Diocletiani
705 617 758 676 illa
785 617 878 676 verba
905 609 952 696 (Ο.
972 620 1026 692 10,
1045 620 1102 694 40,
1124 609 1173 699 7);

164 702 228 766 ‘ubi
251 707 318 784 quis
337 752 366 766 ..
385 726 486 765 rerum
509 724 633 766 suarum
651 751 658 765 .
673 753 679 766 .
696 753 702 764 .
722 724 871 765 summam
893 701 1071 782 constitnit,
1095 725 1173 782 quae

163 797 305 872 corrupit.
353 797 454 872 itaque
487 795 578 854 etiam
609 795 702 857 verba
734 788 818 873 ‘(ubi
850 787 992 873 quisque)
1025 795 1109 854 sedes
1143 800 1175 855 ot

128 939 131 944 ,
162 885 282 944 tabulas
305 877 440 943 haberot'
463 883 673 960 paraphrasim
691 901 755 942 osse
773 883 872 942 iudico
891 877 996 958 ‘laris'‚
1020 884 1073 961 qui
1092 885 1175 959 apud

162 973 383 1033 Diocletianum
409 974 558 1048 reperitur
586 965 674 1052 (‘ubi
701 971 768 1048 quis
795 972 891 1030 larem
919 1018 950 1031 ..
978 964 1175 1054 constituit’),

164 1065 254 1139 atquc
282 1061 374 1120 etiam
401 1061 439 1120 ab
467 1061 599 1138 antiquis
626 1061 700 1120 iuris
723 1059 867 1120 consultis
890 1061 1038 1119 nominari
1061 1061 1175 1121 debuit.

163 1150 344 1210 Diocletiani
369 1150 473 1209 verba:
506 1143 599 1209 ‘unde
627 1167 731 1208 rursus
757 1167 818 1208 non
846 1148 886 1208 sit
913 1149 1114 1222 discessurus
1148 1151 1176 1209 si

163 1240 239 1298 nihil
262 1242 376 1314 avocet,
398 1238 477 1298 undo
501 1257 569 1297 cum
591 1239 743 1314 profectus
767 1237 817 1314 sit,
838 1238 1025 1314 peregrinari
1042 1238 1175 1317 videtur,

164 1348 223 1406 quo
247 1327 272 1386 si
294 1327 394 1404 rediit,
415 1327 601 1403 peregrinari
620 1327 682 1386 ianr
700 1319 828 1386 destitit’
848 1326 960 1402 optime
978 1327 1175 1387 illustrantur

155 1419 207 1476 eis
239 1435 314 1492 quae
342 1415 457 1476 Prellor
488 1423 561 1476 rom.
588 1416 714 1492 Mythol.
741 1415 785 1492 II,
807 1417 868 1475 108
902 1417 939 1474 de
970 1415 1085 1475 laribus
1115 1417 1175 1476 ait:

163 1505 272 1584 „Jedes
294 1505 367 1564 Fest
393 1505 470 1564 tritit
497 1505 540 1564 sie
567 1505 622 1563 mit
721 1504 768 1564 die
791 1503 878 1564 Feier
908 1505 961 1563 der
983 1504 1176 1582 gldoklichen

164 1593 322 1652 Rdckkehr
349 1593 429 1654 eines
456 1593 716 1670 Familiengliedes
741 1639 747 1652 .
768 1639 773 1651 .
794 1639 800 1651 .
824 1612 884 1653 von
912 1593 964 1652 der
986 1593 1075 1652 Reice
1103 1594 1178 1653 oder

165 1700 219 1742 aus
243 1682 295 1741 der
318 1683 524 1760 gofahrvollen
548 1681 602 1741 See
627 1683 697 1740 oder
720 1699 774 1740 aus
798 1682 865 1741 dem
889 1681 998 1758 Kriege
1023 1675 1086 1763 ..·.'

253 1771 295 1830 Ut
305 1773 343 1830 ad
352 1771 496 1830 Alfenum
504 1773 700 1846 revertamur,
715 1770 807 1828 etiam
817 1771 893 1830 dnae
903 1771 973 1830 illae
984 1771 1176 1848 quaestiones

165 1860 197 1918 in
218 1860 315 1920 Servii
337 1879 481 1936 responso
506 1859 655 1918 seiunctae
679 1851 824 1936 (priorem
847 1859 919 1936 quid
943 1861 1022 1919 esset
1040 1854 1176 1919 ‘domum

165 1943 293 2028 ducere,
316 1949 442 2008 alteram
461 1948 534 2024 quid
552 1951 632 2006 esset
651 1941 716 2006 ‘suo
736 1965 793 2007 usu
811 1941 946 2028 ducere')
966 1950 1044 2007 male
1063 1951 1175 2008 tracta·

164 2041 214 2096 tae
243 2041 322 2097 sunt.
366 2038 459 2098 verba
482 2031 591 2114 ‘igitur
616 2036 721 2113 quaeri
748 2031 902 2096 soleret'
926 2037 986 2096 alia
1008 2037 1041 2096 in
1063 2057 1175 2097 memo-

165 2126 242 2184 riam
255 2128 397 2187 revocant
411 2119 462 2206 (D,
477 2127 527 2196 44,
542 2128 569 2201 7,
584 2116 655 2206 20):
680 2118 796 2184 ‘servus
810 2143 870 2184 non
885 2125 917 2184 in
932 2125 1069 2186 omnibus
1084 2127 1175 2185 rebus

166 2215 228 2274 sine
247 2234 343 2291 poena
361 2214 480 2274 domino
500 2214 579 2272 dicto
602 2214 726 2272 audiens
745 2231 808 2273 osse
830 2207 952 2292 solet'‚
975 2233 1051 2291 quae
1070 2215 1177 2274 itidem

166 2322 184 2362 a
203 2304 383 2364 Triboniano
406 2305 525 2383 mutata
547 2320 611 2361 csse
630 2305 718 2378 puto:
741 2302 773 2360 in
790 2304 919 2380 utroque
938 2303 1017 2362 enim
1035 2303 1101 2363 loco
1119 2323 1175 2380 pro

166 2385 294 2452 ‘solere’
322 2392 423 2468 potius
452 2383 591 2450 ‘dobere'
620 2391 764 2466 scriptum
792 2391 883 2450 fuisso
906 2391 1014 2452 iudico.
1060 2393 1177 2452 accedit

166 2481 358 2541 soloecismus
386 2474 528 2540 ‘soleret'
557 2481 636 2558 quod
664 2480 767 2540 debuit
793 2497 857 2539 esso
881 2472 1017 2556 ‘solere'‚
1044 2481 1092 2540 uti
1115 2481 1176 2540 iam

165 2568 338 2630 Halcander
361 2570 497 2630 correxit.
530 2563 669 2629 ‘dicotur'
691 2588 746 2646 pro
770 2562 912 2628 ‘dicatur'
936 2571 967 2628 et
990 2564 1174 2647 ‘unicuique'

164 2677 219 2734 pro
238 2653 339 2719 ‘nnius
359 2653 512 2735 cuiusque’
531 2660 582 2720 rix
599 2657 701 2718 Alfeni
720 2660 797 2717 sunt.
831 2657 928 2718 Servii
947 2657 1176 2734 explicationem

166 2747 388 2808 aTriboniano
418 2749 547 2807 deletam
575 2748 697 2823 eiusque
724 2747 789 2806 loco
818 2765 872 2806 sua
894 2747 987 2807 verba
1009 2747 1177 2807 substituta

166 2853 231 2894 esse
255 2840 392 2910 apparot:
416 2831 480 2894 ‘sed
503 2836 539 2894 do
564 2854 599 2894 oa
616 2854 649 2894 re
668 2835 866 2895 constitutum
885 2854 949 2895 esse
968 2853 1035 2894 earn
1053 2836 1176 2896 domum

165 2923 327 2998 unicuique
354 2926 492 2984 nostrum
520 2923 627 2982 debere
655 2923 833 3000 existimari,
865 2923 917 2983 ubi
943 2924 1068 3001 quisque
1091 2925 1176 2984 sedes

167 3015 198 3070 et
225 3011 344 3070 tabulas
374 3013 500 3072 haberet
527 3029 706 3086 suarumque
733 3029 834 3070 rerum
862 3013 1108 3072 constitutionem
1135 3013 1176 3073 fe·

168 3093 277 3159 cissot'.
324 3119 399 3178 quae
422 3100 550 3160 Alfenus
575 3099 711 3160 Servium
738 3101 926 3175 respondisse
948 3101 1087 3178 tradidit,
1115 3103 1175 3162 for-

166 3193 245 3248 tasse
268 3207 304 3248 ea
331 3192 413 3267 sunt,
446 3208 522 3267 quae
550 3189 582 3248 in
608 3188 789 3248 Diocletiani
816 3190 1027 3250 constitutione
1056 3194 1177 3252 servata

168 3280 247 3353 sunt,
265 3279 302 3338 ut
320 3279 462 3338 Alfenum
481 3278 523 3338 sio
541 3279 603 3338 fere
622 3277 777 3354 scripsisse
796 3279 929 3338 conicere
948 3279 1050 3339 liceat:
1070 3274 1177 3358 ‘igitur

168 3368 272 3444 quaeri
299 3369 419 3429 debere:
451 3371 554 3428 utrum
577 3411 607 3427 ..
631 3367 756 3427 dicetur.
802 3367 853 3426 sed
876 3369 998 3427 domum
1021 3387 1088 3428 eam
1111 3387 1175 3429 esse

169 3456 275 3516 dobere
298 3457 472 3534 existimari,
494 3457 548 3517 ubi
571 3457 638 3535 quis
661 3457 756 3515 larem
778 3475 936 3532 rerumque
956 3474 1078 3516 suarum
1097 3476 1176 3518 sum-

170 3563 249 3603 mam
272 3547 431 3607 constituit
454 3539 518 3607 ...’
