2588 3908
148 197 215 260 236
252 197 299 254 VI.
324 195 459 252 OCTAVI
478 195 576 253 SAEO.
595 196 692 252 IURIS
713 193 885 251 consum.
900 192 1025 248 SERIES
1045 191 1161 246 PRIMA

148 361 290 446 pecoris,
322 364 355 424 et
387 360 416 424 si
447 360 591 425 nondum
623 359 738 424 messis
766 357 966 423 vindemiare
994 356 1081 422 facta
1110 356 1162 438 sit,

148 453 182 514 et
210 450 238 514 si
265 449 365 514 fuerit
392 449 626 534 controversia,
654 446 980 533 quantum'deminui
1004 448 1165 531 oporteat,

149 539 306 602 arbitrum
330 538 479 602 dandum.

307 695 426 766 [XLII.
451 695 613 749 Interdicta.
645 699 669 748 6.
689 693 732 748 uti
750 709 825 748 auae
837 691 1007 764 possidetis]

240 805 290 870 13.
323 804 434 882 D.43,
456 805 557 888 11,3,
578 804 628 868 11.
670 801 828 888 Ulpianus
852 801 936 866 libro
961 801 1165 887 sexagesimo

149 913 236 957 nono
269 893 309 957 ad
343 893 482 958 edictum
512 890 560 978 (P.
587 888 698 980 1542).
820 889 924 956 Servii
947 939 977 956 ..
1000 889 1164 954 sententia

148 987 200 1134 pp(
214 981 429 1154 aipissginerptntis
445 983 531 1046 tanti
544 983 785 1067 possessionem
800 980 1033 1045 aestimandam
1048 980 1163 1063 quanti

262 1257 265 1264 ·
326 1226 415 1298 [Ibid.
434 1231 478 1282 10.
497 1228 530 1282 de
547 1244 621 1297 aqua
643 1227 796 1282 cottidiana
814 1231 840 1281 et
858 1209 983 1296 aestiva]

239 1335 290 1399 15.
313 1333 351 1400 D.
362 1336 415 1415 43,
430 1337 512 1418 21,3
527 1359 573 1419 pr.
602 1335 763 1419 Ulpianus
786 1335 871 1400 libro
896 1335 1163 1420 septuagensimo

149 1425 189 1489 ad
212 1424 353 1489 edictum
377 1420 426 1510 (P.
451 1423 583 1510 15831).
629 1424 759 1490 Servius
784 1473 813 1490 ..
837 1424 950 1490 scribit
973 1425 1067 1488 aliter
1090 1425 1163 1489 duci

150 1535 282 1598 aquam,
311 1534 393 1597 quae
417 1519 492 1578 ante
515 1537 573 1599 per
596 1535 709 1598 specus
734 1515 830 1579 ducta
852 1520 915 1596 est,
946 1514 975 1577 si
997 1535 1082 1578 nunc
1105 1535 1164 1597 per

149 1605 298 1686 apertum
327 1603 475 1667 ducatur:
507 1625 584 1667 nam
613 1604 641 1667 si
670 1603 775 1687 operis
804 1602 925 1686 aliquid
953 1602 1052 1666 faciat
1081 1603 1167 1686 quis,

149 1691 338 1843 quohmagis
358 1713 476 1776 aquam
496 1696 664 1757 conservet
682 1693 733 1756 vel
752 1692 925 1775 contineat,
947 1713 1012 1756 non
1030 1691 1164 1775 impune

170 1797 207 1843 ro
232 1779 321 1844 iberi.

147 1802 168 1863 p
239 1869 288 1934 16.
313 1867 353 1934 D.
365 1870 553 1954 43,21,3,1.
587 1867 744 1953 Ulpianus
763 1868 840 1934 ibid.
859 1867 909 1954 (P.
927 1865 1057 1954 1583b).
1092 1867 1164 1932 Ser-

148 1957 220 2022 vius
240 1961 272 2021 et
285 1955 394 2022 Labeo
415 1958 569 2040 scribunt,
589 1958 616 2021 si
635 1957 752 2043 rivum,
770 1958 825 2042 qui
844 1957 884 2021 ab
903 1957 997 2021 initio
1015 1961 1163 2021 terrenus

146 2044 223 2127 fuit,
257 2047 333 2130 quia
362 2067 477 2128 aquam
505 2068 571 2114 non
598 2045 800 2130 continebat,
833 2046 1058 2111 cementicium
1085 2047 1165 2110 velit

147 2133 268 2214 facere,
300 2133 493 2198 audiendum
527 2155 611 2199 esse:
645 2135 700 2199 sed
733 2139 766 2200 et
798 2135 825 2200 si
856 2157 928 2200 eum
956 2133 1075 2219 rivum,
1108 2135 1163 2220 qui

149 2221 306 2286 structilis
330 2221 400 2305 fuit,
423 2226 538 2306 postea
560 2225 724 2288 terrenum
748 2224 848 2289 faciat
871 2229 927 2290 aut
944 2227 1071 2308 partem
1091 2225 1166 2310 rivi,

150 2331 251 2394 aeque
274 2331 341 2374 non
365 2332 435 2375 esse
458 2311 703 2394 prohibendum.

332 2467 365 2538 [Ι
367 2468 422 2524 bid.
441 2471 484 2524 12.
508 2470 581 2538 quod
598 2470 627 2523 vi
646 2474 697 2523 aut
714 2470 783 2523 clam
800 2469 905 2536 factam
924 2469 983 2538 est]

237 2578 288 2643 17.
316 2575 356 2643 D.
374 2578 429 2656 43,
444 2579 495 2662 24,
509 2579 541 2642 4.
584 2576 761 2642 Venuleius
784 2577 870 2642 libro
895 2578 1033 2643 secundo
1056 2543 1167 2642 Im,

147 2666 309 2732 dictorum
329 2664 378 2755 (P.
395 2664 461 2752 13).
498 2665 629 2732 Servius
653 2667 752 2732 etiam
775 2687 848 2730 eum
867 2667 950 2731 clam
969 2667 1083 2752 facere,
1106 2667 1162 2751 qui

148 2755 335 2820 existimare
368 2755 483 2820 debeat
517 2756 579 2820 sibi
610 2756 864 2820 controversiam
894 2755 1051 2840 futuram,
1085 2756 1163 2840 quia

146 2865 211 2908 non
241 2845 426 2926 opinionem
455 2845 575 2926 cui[us]
609 2847 641 2908 et
670 2845 855 2927 resupinam
886 2845 1160 2910 existimationem
1277 2889 1278 2894 .

143 2933 238 3014 prodi
262 2954 331 2996 esse
355 2935 514 3016 oporteat,
537 2954 577 2996 ne
598 2933 741 2997 melioris
765 2933 963 2998 condicionis
983 2933 1049 2998 sint
1068 2933 1161 2999 stulti

146 3043 245 3104 quam
269 3020 374 3104 periti.

237 3107 286 3174 18.
312 3107 350 3172 D.
364 3108 416 3187 43,
431 3108 484 3192 24,
500 3109 528 3191 7,
542 3108 572 3173 4.
603 3108 764 3192 Ulpianus
787 3109 872 3176 libro
896 3111 1161 3195 septuagensimo

145 3198 251 3282 primo
280 3197 320 3262 ad
349 3197 488 3262 edictum
512 3195 562 3281 (P.
583 3196 693 3283 1594).
747 3197 862 3262 Gallus
891 3249 921 3266 ..
948 3200 1090 3282 dubitat,
1118 3223 1160 3264 an

145 3287 250 3372 excipi
265 3289 443 3370 oporteret:
458 3285 555 3370 ‘quod
570 3286 709 3352 incendii
724 3287 915 3352 defendendi
930 3288 1156 3353 causafactum

144 3397 211 3440 non
230 3373 294 3440 sit'.
332 3373 461 3440 Servius
482 3379 590 3439 autem
610 3375 666 3457 ait,
690 3375 718 3440 si
736 3377 769 3440 id
785 3377 998 3462 magistratus
1017 3377 1160 3459 fecisset,

145 3463 284 3527 dandam
308 3485 391 3548 esse,
414 3464 540 3548 privato
564 3485 630 3528 non
654 3484 724 3529 esse
746 3465 831 3528 idem
855 3465 1106 3549 concedendum3
1129 3467 1158 3530 si

146 3554 257 3615 tamen
281 3552 358 3635 quid
381 3553 414 3616 vi
437 3556 498 3617 aut.
516 3553 600 3617 clam
618 3551 742 3618 factum
764 3551 808 3616 sit
829 3572 933 3636 neque
951 3554 1037 3637 ignis
1055 3574 1158 3638 usque
