2588 3908
341 209 365 260 8.
393 205 544 261 SERVIUS
564 205 748 261 SULPICIUS
766 205 884 260 RUFUS
1057 205 1119 269 183

200 369 253 434 47.
286 367 325 435 D.
345 370 397 454 31,
417 371 468 434 74.
499 369 589 434 Idem
612 365 837 455 (Papinianus)
860 369 944 432 libro
967 368 1120 433 vicesimo

107 467 249 550 septimo
281 466 514 543 Quaestionum
547 465 597 552 (P.
621 463 709 552 330).
760 465 860 531 ‘Titio
888 455 993 531 HS&
1027 466 1119 530 heres

106 577 263 639 praesens
287 555 392 621 dato':
423 555 536 620 deinde
559 555 695 640 protulit
718 556 801 618 diem
823 556 1013 639 legatorum.
1053 576 1120 619 non

10 703 11 720 ÷
109 647 161 708 est
196 665 327 728 verum,
364 645 449 728 quod
484 645 616 709 Alfenus
653 642 827 726 <Servium
859 643 1119 726 respondisse?>

10 789 12 840 ,
105 733 396 886 iiiiiiiinientum
419 733 581 817 praesenti
605 733 724 812 deberi,
748 732 823 816 quia
846 731 931 796 diem
953 733 1119 816 proprium

199 936 215 992 1
243 933 359 993 Triton.
383 938 503 993 eentum
526 951 641 993 aureos.

198 1052 250 1116 48.
274 1051 313 1116 D.
329 1052 380 1135 30,
397 1053 469 1117 106.
495 1052 631 1117 Alfenus
646 1051 753 1118 Varus
767 1052 851 1116 libro
867 1052 1005 1116 secundo
1020 1049 1118 1136 Dige-

107 1145 235 1206 storum
249 1163 269 1204 a
283 1139 385 1205 Paulo
399 1142 651 1223 epitomatorum
668 1141 715 1224 (P.
727 1137 793 1226 37).
827 1140 861 1206 Si
875 1142 909 1204 in
922 1144 1117 1206 testamento

106 1230 268 1312 scripturn
296 1234 395 1294 esset:
423 1229 532 1294 ‘heres
558 1253 648 1294 meus
678 1233 805 1294 centum
829 1229 953 1294 Licinio
982 1229 1117 1294 damnas

107 1317 192 1382 esto'
210 1340 314 1402 neque
329 1319 552 1400 adscripsisset
569 1317 679 1402 ‘dare',
698 1319 806 1382 deberi
820 1319 962 1404 legatum
978 1322 1117 1384 constat.

197 1438 308 1498 Vocem
342 1431 490 1498 ‘constat'
521 1439 694 1498 Triboniani
726 1457 790 1497 esse
823 1442 962 1515 apparet,
996 1440 1048 1516 qui
1080 1439 1118 1498 ad

105 1522 253 1586 ‘centum'
278 1527 370 1586 etiam
391 1522 520 1586 ‘aureos’
540 1526 663 1586 addidit.
704 1527 833 1585 Paulum
852 1521 965 1586 ‘deberi
983 1528 1117 1606 legatum

106 1616 232 1677 Servius
255 1610 420 1693 respondit'
444 1616 597 1692 scripsisse
620 1619 703 1692 puto.

196 1735 250 1800 49.
273 1733 311 1800 D.
326 1735 378 1815 30,
393 1735 436 1800 30
446 1757 493 1818 pr.
512 1736 576 1816 §Z
606 1733 765 1818 Ulpianus
785 1735 869 1798 libro
888 1756 974 1800 nono
994 1734 1116 1800 decimo

106 1822 149 1888 ad
178 1821 332 1888 Sabinum
361 1821 409 1908 (P.
432 1823 562 1910 25970).
691 1822 787 1907 ‘quas
818 1823 969 1907 pecunias
1003 1823 1118 1908 legavi,

106 1913 225 1998 quibus
249 1912 316 1976 dies
341 1913 507 1996 adpositus
531 1934 595 1976 non
620 1917 678 1996 est,
703 1934 757 1976 eus
780 1912 873 1976 heres
897 1933 986 1976 meus
1011 1934 1118 1976 annua

106 2002 197 2066 bima
224 2001 323 2065 trima
352 2001 403 2065 die
431 2001 528 2067 dato'.
574 2052 603 2066 ..
627 2001 702 2085 quid
727 2002 754 2065 si
777 2001 861 2067 forte
885 2004 1013 2066 centum
1037 2001 1117 2065 mihi

105 2091 216 2175 legata
240 2094 316 2154 sunt
338 2091 529 2175 praesentia,
554 2094 663 2154 utrum
688 2111 793 2154 annua
816 2090 867 2154 die
891 2090 1053 2154 dabuntur
1075 2112 1116 2154 an

106 2201 183 2244 vero
217 2177 422 2262 praesentia?
473 2183 505 2244 et
537 2179 583 2242 ait
610 2177 740 2244 Servius
769 2184 802 2244 et
828 2178 936 2244 Labeo
964 2200 1116 2264 praesens

106 2268 225 2333 deberi.

479 2380 523 2436 Dc
541 2396 635 2436 annuo
653 2381 747 2450 tepoto

196 2499 250 2564 50.
283 2497 321 2563 D.
345 2499 397 2580 33,
424 2499 450 2579 1,
474 2499 525 2562 22.
572 2497 708 2562 Alfenus
732 2496 839 2561 Varus
867 2497 950 2562 libro
975 2499 1115 2564 secundo

106 2588 316 2674 Digestorum
331 2609 350 2651 a
364 2587 466 2652 Paulo
482 2586 731 2672 epitomatorum
743 2584 793 2673 (P.
803 2585 869 2668 35).
894 2584 1011 2650 ‘Filiae
1026 2608 1115 2650 meae

106 2679 371 2762 quotiescumque
399 2675 496 2739 vidua
523 2675 597 2756 erit,
623 2675 658 2738 in
687 2696 787 2739 annos
816 2673 962 2758 singulos
986 2679 1116 2738 centum

105 2766 200 2832 heres
224 2786 314 2829 meus
336 2763 440 2829 dato':
465 2763 637 2848 quaeritur,
661 2763 689 2826 si
707 2762 774 2826 filia
793 2763 899 2826 minus
918 2763 1016 2826 annui
1034 2767 1115 2827 tem·

105 2856 194 2940 poris
218 2853 315 2918 vidua
337 2853 464 2936 fuisset,
491 2853 646 2937 numquid
674 2852 776 2916 minus
807 2851 837 2916 ei
864 2855 992 2916 centum
1021 2852 1115 2917 debe-

105 2949 226 3008 rentur.
263 2941 433 3026 respondit
452 2941 514 3006 sibi
533 2941 642 3024 videri,
661 2941 792 3006 tametsi
810 2944 900 3006 totus
919 2961 1021 3007 annus
1035 2963 1114 3007 non-

105 3033 183 3098 dum
206 3031 336 3109 fuisset,
358 3034 469 3096 tamen
491 3030 609 3095 deberi.

195 3151 263 3211 Vox
286 3145 582 3229 ‘quotiescunque'
605 3169 710 3210 vereor
731 3169 768 3209 ne
792 3151 974 3226 interpolata
998 3151 1046 3211 sit.

479 3355 523 3411 Dc
541 3357 629 3411 debito
648 3357 741 3426 deputo.

195 3474 248 3540 51.
280 3472 319 3538 D.
341 3472 393 3558 35,
415 3475 442 3556 1,
465 3473 517 3555 40,
536 3474 566 3539 3.
610 3472 699 3536 Idem
727 3469 927 3560 (Iavolenus)
955 3473 1038 3536 libro
1067 3495 1114 3537 se·

107 3563 212 3628 cundo
241 3584 281 3626 ex
307 3561 540 3646 posterioribus
564 3560 725 3625 Labeonis
749 3559 797 3646 (P.
818 3558 905 3647 186).
957 3559 1114 3626 Dominus
