2614 3914
185 197 252 260 400
279 197 353 251 VIII.
369 195 501 252 COTAVI
516 193 612 250 SAEO.
623 195 720 250 lURIS
735 194 1043 250 consecretales
1057 194 1196 250 TERTIA

186 361 395 425 damnaverat
417 360 493 424 dare
516 359 609 424 uxori
632 381 708 424 suae
731 359 843 422 vinum
867 357 973 422 oleum
995 357 1197 422 frumentum

186 453 309 514 acetum
328 449 426 513 mella
445 449 649 514 salsamenta.
683 447 854 512 Trebatius
874 447 981 511 aiebat
999 467 1038 510 ex
1057 447 1198 530 singulis

184 538 280 603 rebus
298 559 365 602 non
384 538 523 622 amplius
539 536 656 622 deberi,
673 558 769 620 quam
785 541 942 621 quantum
955 535 1048 600 heres
1066 535 1196 600 mulieri

184 627 261 692 dare
283 627 449 704 voluisset,
473 625 626 710 quoniam
650 647 715 690 non
738 625 898 690 adiectum
920 630 1014 707 esset,
1038 628 1198 708 quantum

184 738 224 780 ex
246 735 372 800 quaque
395 737 429 779 ra
453 715 592 779 daretur.

476 870 521 926 Dc
540 869 689 926 Corinthiis
703 871 779 926 33333
798 870 900 940 lupatis.

276 973 327 1037 13.
351 971 389 1036 D.
409 972 461 1056 32,
481 971 553 1054 100,
573 972 602 1036 3.
632 969 802 1036 Iauolenus
824 969 901 1034 ibid.
948 967 1008 1034 Oui
1027 967 1198 1036 Corinthia

185 1083 264 1126 vasa
301 1062 410 1145 legata
447 1064 569 1144 essent,
610 1079 720 1124 aeneus
755 1057 884 1142 βάσειςῙ
922 1081 1048 1144 quoque
1085 1081 1197 1124 eorum

186 1172 336 1215 vasorum
367 1147 626 1214 collocandorum
654 1153 751 1213 causa
778 1152 911 1232 paratas
939 1147 1056 1224 deberi«
1076 1147 1199 1213 Treba·

186 1240 251 1304 tius
274 1239 452 1322 respondit.

390 1385 433 1440 De
448 1385 557 1454 poculis
574 1385 743 1454 cleopiaibuc
752 1385 876 1454 'paribus
894 1385 996 1454 tepetis.

277 1485 328 1552 14.
355 1485 394 1550 D.
414 1486 470 1570 32,
489 1486 532 1550 30
542 1507 589 1569 pr.
630 1485 738 1550 Labeo
766 1485 849 1549 libro
878 1485 1017 1550 secundo
1041 1486 1197 1569 posterio·
1296 1461 1297 1472 .

187 1598 259 1640 rum
283 1598 303 1639 a
319 1573 474 1640 Iauoleno
498 1575 747 1659 epitomatorum
765 1573 814 1658 (P.
831 1570 917 1661 172).
956 1573 1019 1650 Qui
1043 1578 1198 1658 quattuor

186 1664 303 1748 pocula
323 1664 489 1749 oleaginea
507 1662 660 1747 habebat,
677 1663 725 1727 ita
742 1663 877 1747 legavit:
896 1664 1012 1745 pocula
1026 1663 1199 1750 oleaginea

186 1754 276 1837 paria
299 1753 370 1818 duo.
406 1751 559 1837 respondi
576 1774 676 1816 unum
696 1773 755 1836 par
773 1752 918 1834 legatum
939 1773 1016 1833 esse,
1036 1752 1198 1836 quianon

188 1845 235 1906 ita
258 1846 356 1906 esset:
379 1841 456 1905 bina
478 1841 579 1926 paria,
601 1862 702 1923 neque
721 1841 780 1905 ita:
803 1841 992 1924 poculorum
1014 1840 1106 1924 paria
1125 1841 1198 1906 duo.

187 1931 272 1995 idem
293 1936 330 2020 ,33
352 1929 532 1994 Trebatiun.

523 2077 567 2132 De
584 2077 743 2132 testudineis
761 2076 864 2146 tepetis.

278 2177 327 2242 15.
351 2176 390 2240 D.
405 2177 457 2260 32,
473 2177 546 2261 100,
559 2176 588 2240 4.
630 2175 802 2242 Iauolenus
823 2177 900 2242 ibid.
938 2175 997 2243 Oui
1014 2177 1198 2242 testudinea
1296 2247 1297 2250 ,

189 2265 298 2348 legata
313 2268 430 2348 essent,
449 2265 479 2328 ei
498 2264 598 2329 lectos
617 2265 816 2330 testudineus
831 2265 967 2350 podibus
982 2266 1198 2351 inargentatis
1296 2271 1297 2300 ³

187 2353 296 2418 deberi
318 2353 426 2417 Labeo
451 2352 622 2419 Trebatius
645 2355 886 2439 responderunt.

544 2520 589 2575 De
602 2522 723 2590 pecunia
742 2521 839 2592 tapeta.

279 2621 328 2686 16.
352 2619 390 2684 D.
406 2620 458 2698 35,
471 2621 498 2704 1,
512 2621 565 2704 40,
575 2620 605 2686 5.
646 2621 735 2685 Idem
755 2621 925 2686 Iavolenus
949 2621 1033 2685 libro
1057 2623 1198 2689 secundo

188 2732 227 2773 ex
255 2710 490 2792 posterioribus
518 2708 678 2774 Labeonis
703 2709 751 2795 (P.
772 2709 859 2794 186).
905 2709 1063 2774 Thermus
1092 2712 1200 2776 minor

190 2819 325 2882 quorum
350 2799 510 2862 arbitratu
533 2805 776 2863 monumentum
801 2797 864 2863 sibi
886 2799 957 2862 fieri
980 2798 1077 2863 vellet
1100 2805 1199 2864 testa·

189 2890 297 2950 mento
326 2887 511 2969 scripserat,
539 2887 651 2950 deinde
677 2889 724 2952 ita
689 2889 923 2972 tblegavera
896 2885 1062 2952 ‘tliucio
1084 2886 1199 2954 Publio

190 2972 368 3039 Corneliis²
392 2974 432 3038 ad
456 2981 643 3039 monument
644 2999 698 3040 um
722 2998 829 3040 meum
853 2975 1086 3066 aedificandum
1110 2977 1199 3042 mille

187 3062 282 3126 heres
306 3083 395 3126 meus
420 3060 725 3129 dato.Trebat1us
749 3065 918 3165 rospondit
940 3085 999 3146 pro
1022 3087 1059 3130 eo
1078 3065 1199 3130 haben-

189 3152 264 3216 dum
294 3173 331 3215 33
358 3151 385 3215 si
412 3153 458 3215 ita
481 3152 625 3236 legatum
648 3159 746 3238 esset,
775 3153 802 3216 si
826 3153 1069 3218 satisdedissent
1092 3177 1126 3219 se
1150 3156 1200 3221 ita

186 3241 221 3304 id
245 3244 489 3304 monumentum
514 3263 552 3304 ex
576 3263 614 3306 33
635 3203 772 3326 pecunia
795 3241 862 3306 fact
848 3249 948 3308 t.uros

279 3331 330 3395 17.
354 3328 391 3394 D.
407 3329 458 3414 32,
474 3329 526 3415 30
536 3331 566 3395 2
598 3331 707 3397 Labeo
727 3331 810 3395 libro
829 3331 967 3396 secundo
981 3332 1200 3416 posteriorum

188 3442 209 3484 a
237 3419 390 3485 Iauoleno
419 3421 470 3504 epi
472 3423 576 3485 ttoma
577 3444 667 3487 orum
694 3418 743 3510 (P.
760 3419 846 3509 172).
892 3419 974 3486 Cum
1001 3424 1199 3487 testamento

262 3574 275 3620 1
302 3569 349 3624 ΡΖ
369 3569 501 3642 emicasse.
598 3569 682 3626 2Fl.
700 3567 792 3624 Luciis
811 3567 918 3623 Publiis
938 3566 1081 3623 Corneliis.
