<?xml version="1.0" encoding="UTF-8"?>
<!DOCTYPE html PUBLIC "-//W3C//DTD XHTML 1.0 Transitional//EN"
    "http://www.w3.org/TR/xhtml1/DTD/xhtml1-transitional.dtd">
<html xmlns="http://www.w3.org/1999/xhtml" xml:lang="en" lang="en">
 <head>
  <title>
</title>
<meta http-equiv="Content-Type" content="text/html;charset=utf-8" />
  <meta name='ocr-system' content='tesseract 3.04.00' />
  <meta name='ocr-capabilities' content='ocr_page ocr_carea ocr_par ocr_line ocrx_word'/>
</head>
<body>
  <div class='ocr_page' id='page_1' title='image "./iurisprudentiae05bremgoog_0188.png"; bbox 0 0 2588 3908; ppageno 0'>
   <div class='ocr_carea' id='block_1_1' title="bbox 199 205 1207 270">
    <p class='ocr_par' dir='ltr' id='par_1_1' title="bbox 199 159 1275 292">
     <span class='ocr_line' id='line_1_1' title="bbox 199 205 1207 270; baseline 0.003 -9"><span class='ocrx_word' id='word_1_1' title='bbox 199 206 261 270; x_wconf 78' lang='lat'>178</span> <span class='ocrx_word' id='word_1_2' title='bbox 299 205 346 262; x_wconf 88' lang='lat' dir='ltr'>VI.</span> <span class='ocrx_word' id='word_1_3' title='bbox 370 205 504 261; x_wconf 71' lang='lat' dir='ltr'>ocrnvl</span> <span class='ocrx_word' id='word_1_4' title='bbox 523 205 623 260; x_wconf 83' lang='lat' dir='ltr'>SAEC.</span> <span class='ocrx_word' id='word_1_5' title='bbox 642 205 738 260; x_wconf 76' lang='lat' dir='ltr'>Iulus</span> <span class='ocrx_word' id='word_1_6' title='bbox 757 205 1072 263; x_wconf 64' lang='lat' dir='ltr'>conscensurum</span> <span class='ocrx_word' id='word_1_7' title='bbox 1091 209 1207 264; x_wconf 83' lang='lat' dir='ltr'><strong>PRIMA</strong></span> 
     </span>
    </p>
   </div>
   <div class='ocr_carea' id='block_1_2' title="bbox 196 368 1275 545">
    <p class='ocr_par' dir='ltr' id='par_1_2' title="bbox 196 368 1275 545">
     <span class='ocr_line' id='line_1_2' title="bbox 197 368 1275 454; baseline 0.001 -17"><span class='ocrx_word' id='word_1_8' title='bbox 197 368 458 436; x_wconf 72' lang='lat' dir='ltr'>accommodatae</span> <span class='ocrx_word' id='word_1_9' title='bbox 483 371 599 451; x_wconf 88' lang='lat' dir='ltr'>essent,</span> <span class='ocrx_word' id='word_1_10' title='bbox 622 368 830 451; x_wconf 89' lang='lat' dir='ltr'>supellectilis</span> <span class='ocrx_word' id='word_1_11' title='bbox 854 391 920 434; x_wconf 92' lang='lat' dir='ltr'>non</span> <span class='ocrx_word' id='word_1_12' title='bbox 939 391 1017 435; x_wconf 88' lang='lat' dir='ltr'>esse.</span> <span class='ocrx_word' id='word_1_13' title='bbox 1061 372 1130 452; x_wconf 89' lang='lat' dir='ltr'>[sed</span> <span class='ocrx_word' id='word_1_14' title='bbox 1148 395 1207 438; x_wconf 91' lang='lat' dir='ltr'>nec</span> <span class='ocrx_word' id='word_1_15' title='bbox 1274 407 1275 454; x_wconf 75' lang='lat'><em>3</em></span> 
     </span>
     <span class='ocr_line' id='line_1_3' title="bbox 196 455 1275 545; baseline -0.003 -22"><span class='ocrx_word' id='word_1_16' title='bbox 196 459 374 545; x_wconf 81' lang='lat' dir='ltr'>pugillares</span> <span class='ocrx_word' id='word_1_17' title='bbox 397 462 430 522; x_wconf 90' lang='lat' dir='ltr'>et</span> <span class='ocrx_word' id='word_1_18' title='bbox 453 458 579 522; x_wconf 89' lang='lat' dir='ltr'>codices</span> <span class='ocrx_word' id='word_1_19' title='bbox 602 457 635 520; x_wconf 91' lang='lat' dir='ltr'>in</span> <span class='ocrx_word' id='word_1_20' title='bbox 660 457 852 540; x_wconf 76' lang='lat' dir='ltr'>supellectili</span> <span class='ocrx_word' id='word_1_21' title='bbox 876 461 972 538; x_wconf 66' lang='lat' dir='ltr'>sunt]</span> <span class='ocrx_word' id='word_1_22' title='bbox 1274 455 1275 472; x_wconf 61' lang='lat'>¹</span> 
     </span>
    </p>
   </div>
   <div class='ocr_carea' id='block_1_3' title="bbox 195 577 1207 817">
    <p class='ocr_par' dir='ltr' id='par_1_3' title="bbox 195 577 1207 817">
     <span class='ocr_line' id='line_1_4' title="bbox 283 577 1206 654; baseline 0.003 -16"><span class='ocrx_word' id='word_1_23' title='bbox 283 580 404 638; x_wconf 85' lang='lat' dir='ltr'>Inclusa</span> <span class='ocrx_word' id='word_1_24' title='bbox 430 579 523 638; x_wconf 86' lang='lat' dir='ltr'>v&#39;erba</span> <span class='ocrx_word' id='word_1_25' title='bbox 544 578 656 654; x_wconf 87' lang='lat' dir='ltr'>partim</span> <span class='ocrx_word' id='word_1_26' title='bbox 680 577 865 653; x_wconf 81' lang='lat' dir='ltr'>Triboniani,</span> <span class='ocrx_word' id='word_1_27' title='bbox 895 580 1003 654; x_wconf 89' lang='lat' dir='ltr'>partim</span> <span class='ocrx_word' id='word_1_28' title='bbox 1027 580 1117 639; x_wconf 87' lang='lat' dir='ltr'>Pauli</span> <span class='ocrx_word' id='word_1_29' title='bbox 1141 599 1206 641; x_wconf 90' lang='lat' dir='ltr'>esse</span> 
     </span>
     <span class='ocr_line' id='line_1_5' title="bbox 195 667 1207 744; baseline 0.002 -16"><span class='ocrx_word' id='word_1_30' title='bbox 195 669 341 728; x_wconf 84' lang='lat' dir='ltr'>existimo.</span> <span class='ocrx_word' id='word_1_31' title='bbox 383 668 434 726; x_wconf 88' lang='lat' dir='ltr'>sed</span> <span class='ocrx_word' id='word_1_32' title='bbox 454 667 589 727; x_wconf 81' lang='lat' dir='ltr'>Servium</span> <span class='ocrx_word' id='word_1_33' title='bbox 614 686 732 744; x_wconf 91' lang='lat' dir='ltr'>quoque</span> <span class='ocrx_word' id='word_1_34' title='bbox 756 667 791 725; x_wconf 91' lang='lat' dir='ltr'>de</span> <span class='ocrx_word' id='word_1_35' title='bbox 815 668 997 743; x_wconf 79' lang='lat' dir='ltr'>supellectili</span> <span class='ocrx_word' id='word_1_36' title='bbox 1016 669 1207 744; x_wconf 88' lang='lat' dir='ltr'>respondisse</span> 
     </span>
     <span class='ocr_line' id='line_1_6' title="bbox 195 757 583 817; baseline -0.005 -1"><span class='ocrx_word' id='word_1_37' title='bbox 195 759 258 817; x_wconf 84' lang='lat' dir='ltr'>veri</span> <span class='ocrx_word' id='word_1_38' title='bbox 280 776 340 816; x_wconf 92' lang='lat' dir='ltr'>non</span> <span class='ocrx_word' id='word_1_39' title='bbox 363 757 505 815; x_wconf 88' lang='lat' dir='ltr'>dissimile</span> <span class='ocrx_word' id='word_1_40' title='bbox 530 759 583 815; x_wconf 90' lang='lat' dir='ltr'>est.</span> 
     </span>
    </p>
   </div>
   <div class='ocr_carea' id='block_1_4' title="bbox 195 863 1207 1042">
    <p class='ocr_par' dir='ltr' id='par_1_4' title="bbox 195 863 1207 1042">
     <span class='ocr_line' id='line_1_7' title="bbox 284 863 1206 950; baseline 0.002 -18"><span class='ocrx_word' id='word_1_41' title='bbox 284 867 334 932; x_wconf 82' lang='lat'>35.</span> <span class='ocrx_word' id='word_1_42' title='bbox 371 865 410 931; x_wconf 90' lang='lat' dir='ltr'>D.</span> <span class='ocrx_word' id='word_1_43' title='bbox 431 865 563 950; x_wconf 85' lang='lat'>33,10,</span> <span class='ocrx_word' id='word_1_44' title='bbox 587 867 663 944; x_wconf 67' lang='lat' dir='ltr'>ur.</span> <span class='ocrx_word' id='word_1_45' title='bbox 713 863 826 930; x_wconf 76' lang='lat' dir='ltr'>Celsus</span> <span class='ocrx_word' id='word_1_46' title='bbox 854 867 937 930; x_wconf 90' lang='lat' dir='ltr'>libro</span> <span class='ocrx_word' id='word_1_47' title='bbox 965 889 1051 932; x_wconf 90' lang='lat' dir='ltr'>nono</span> <span class='ocrx_word' id='word_1_48' title='bbox 1079 867 1206 934; x_wconf 90' lang='lat' dir='ltr'>decimo</span> 
     </span>
     <span class='ocr_line' id='line_1_8' title="bbox 195 951 1207 1042; baseline 0.002 -21"><span class='ocrx_word' id='word_1_49' title='bbox 195 957 404 1042; x_wconf 83' lang='lat' dir='ltr'>Digestorum</span> <span class='ocrx_word' id='word_1_50' title='bbox 415 953 465 1038; x_wconf 77' lang='lat' dir='ltr'>(P.</span> <span class='ocrx_word' id='word_1_51' title='bbox 475 951 561 1038; x_wconf 85' lang='lat'>168).</span> <span class='ocrx_word' id='word_1_52' title='bbox 586 952 715 1019; x_wconf 82' lang='lat' dir='ltr'>Servius</span> <span class='ocrx_word' id='word_1_53' title='bbox 730 954 851 1018; x_wconf 90' lang='lat' dir='ltr'>fatetur</span> <span class='ocrx_word' id='word_1_54' title='bbox 865 956 1059 1021; x_wconf 86' lang='lat' dir='ltr'>sententiam</span> <span class='ocrx_word' id='word_1_55' title='bbox 1070 958 1140 1022; x_wconf 89' lang='lat' dir='ltr'>eius</span> <span class='ocrx_word' id='word_1_56' title='bbox 1151 960 1207 1042; x_wconf 91' lang='lat' dir='ltr'>qui</span> 
     </span>
    </p>
   </div>
   <div class='ocr_carea' id='block_1_5' title="bbox 193 1043 1207 1662">
    <p class='ocr_par' dir='ltr' id='par_1_5' title="bbox 193 1043 1207 1662">
     <span class='ocr_line' id='line_1_9' title="bbox 194 1043 1206 1132; baseline 0.003 -24"><span class='ocrx_word' id='word_1_57' title='bbox 194 1045 352 1132; x_wconf 83' lang='lat' dir='ltr'>legaverit</span> <span class='ocrx_word' id='word_1_58' title='bbox 375 1043 477 1128; x_wconf 88' lang='lat' dir='ltr'>aspici</span> <span class='ocrx_word' id='word_1_59' title='bbox 500 1046 658 1127; x_wconf 85' lang='lat' dir='ltr'>oportere,</span> <span class='ocrx_word' id='word_1_60' title='bbox 680 1044 716 1108; x_wconf 95' lang='lat' dir='ltr'>in</span> <span class='ocrx_word' id='word_1_61' title='bbox 738 1065 833 1127; x_wconf 88' lang='lat' dir='ltr'>quam</span> <span class='ocrx_word' id='word_1_62' title='bbox 853 1044 1012 1109; x_wconf 90' lang='lat' dir='ltr'>rationem</span> <span class='ocrx_word' id='word_1_63' title='bbox 1031 1068 1069 1110; x_wconf 91' lang='lat' dir='ltr'>ea</span> <span class='ocrx_word' id='word_1_64' title='bbox 1088 1047 1206 1111; x_wconf 89' lang='lat' dir='ltr'>solitus</span> 
     </span>
     <span class='ocr_line' id='line_1_10' title="bbox 194 1131 1207 1220; baseline 0.001 -21"><span class='ocrx_word' id='word_1_65' title='bbox 194 1136 237 1199; x_wconf 89' lang='lat' dir='ltr'>sit</span> <span class='ocrx_word' id='word_1_66' title='bbox 259 1133 391 1198; x_wconf 86' lang='lat' dir='ltr'>referre:</span> <span class='ocrx_word' id='word_1_67' title='bbox 420 1153 529 1204; x_wconf 80' lang='lat' dir='ltr'>rerum</span> <span class='ocrx_word' id='word_1_68' title='bbox 554 1132 581 1196; x_wconf 90' lang='lat' dir='ltr'>si</span> <span class='ocrx_word' id='word_1_69' title='bbox 605 1153 655 1216; x_wconf 87' lang='lat' dir='ltr'>ea,</span> <span class='ocrx_word' id='word_1_70' title='bbox 684 1131 722 1196; x_wconf 91' lang='lat' dir='ltr'>de</span> <span class='ocrx_word' id='word_1_71' title='bbox 746 1132 953 1216; x_wconf 90' lang='lat' dir='ltr'>quibus·non</span> <span class='ocrx_word' id='word_1_72' title='bbox 976 1135 1207 1220; x_wconf 86' lang='lat' dir='ltr'>ambigeretur,</span> 
     </span>
     <span class='ocr_line' id='line_1_11' title="bbox 195 1221 1206 1308; baseline 0.001 -21"><span class='ocrx_word' id='word_1_73' title='bbox 195 1224 271 1308; x_wconf 91' lang='lat' dir='ltr'>quin</span> <span class='ocrx_word' id='word_1_74' title='bbox 294 1221 328 1286; x_wconf 92' lang='lat' dir='ltr'>in</span> <span class='ocrx_word' id='word_1_75' title='bbox 353 1221 457 1284; x_wconf 92' lang='lat' dir='ltr'>alieno</span> <span class='ocrx_word' id='word_1_76' title='bbox 482 1241 598 1305; x_wconf 89' lang='lat' dir='ltr'>genere</span> <span class='ocrx_word' id='word_1_77' title='bbox 620 1225 736 1304; x_wconf 86' lang='lat' dir='ltr'>essent,</span> <span class='ocrx_word' id='word_1_78' title='bbox 759 1224 796 1284; x_wconf 92' lang='lat' dir='ltr'>ut</span> <span class='ocrx_word' id='word_1_79' title='bbox 813 1225 892 1304; x_wconf 85' lang='lat' dir='ltr'>puta</span> <span class='ocrx_word' id='word_1_80' title='bbox 911 1223 1067 1287; x_wconf 88' lang='lat' dir='ltr'>escarium</span> <span class='ocrx_word' id='word_1_81' title='bbox 1088 1244 1206 1308; x_wconf 85' lang='lat' dir='ltr'>argen-</span> 
     </span>
     <span class='ocr_line' id='line_1_12' title="bbox 193 1309 1207 1395; baseline 0.002 -19"><span class='ocrx_word' id='word_1_82' title='bbox 193 1317 264 1378; x_wconf 87' lang='lat' dir='ltr'>tum</span> <span class='ocrx_word' id='word_1_83' title='bbox 286 1314 343 1375; x_wconf 90' lang='lat' dir='ltr'>aut</span> <span class='ocrx_word' id='word_1_84' title='bbox 365 1309 521 1394; x_wconf 90' lang='lat' dir='ltr'>paenulas</span> <span class='ocrx_word' id='word_1_85' title='bbox 541 1313 573 1373; x_wconf 89' lang='lat' dir='ltr'>et</span> <span class='ocrx_word' id='word_1_86' title='bbox 591 1313 695 1392; x_wconf 90' lang='lat' dir='ltr'>togas,</span> <span class='ocrx_word' id='word_1_87' title='bbox 719 1309 911 1393; x_wconf 84' lang='lat' dir='ltr'>supellectili</span> <span class='ocrx_word' id='word_1_88' title='bbox 931 1313 1003 1395; x_wconf 89' lang='lat' dir='ltr'>quis</span> <span class='ocrx_word' id='word_1_89' title='bbox 1023 1313 1207 1378; x_wconf 78' lang='lat' dir='ltr'>adscribere</span> 
     </span>
     <span class='ocr_line' id='line_1_13' title="bbox 195 1398 1206 1485; baseline 0 -19"><span class='ocrx_word' id='word_1_90' title='bbox 195 1402 308 1466; x_wconf 89' lang='lat' dir='ltr'>solitus</span> <span class='ocrx_word' id='word_1_91' title='bbox 333 1399 385 1482; x_wconf 91' lang='lat' dir='ltr'>sit,</span> <span class='ocrx_word' id='word_1_92' title='bbox 406 1420 473 1462; x_wconf 93' lang='lat' dir='ltr'>non</span> <span class='ocrx_word' id='word_1_93' title='bbox 496 1398 616 1463; x_wconf 90' lang='lat' dir='ltr'>idcirco</span> <span class='ocrx_word' id='word_1_94' title='bbox 640 1398 817 1462; x_wconf 87' lang='lat' dir='ltr'>existimari</span> <span class='ocrx_word' id='word_1_95' title='bbox 839 1403 989 1482; x_wconf 90' lang='lat' dir='ltr'>oportere</span> <span class='ocrx_word' id='word_1_96' title='bbox 1008 1403 1206 1485; x_wconf 88' lang='lat' dir='ltr'>supellectili</span> 
     </span>
     <span class='ocr_line' id='line_1_14' title="bbox 193 1487 1206 1574; baseline 0.002 -21"><span class='ocrx_word' id='word_1_97' title='bbox 193 1491 302 1573; x_wconf 86' lang='lat' dir='ltr'>legata</span> <span class='ocrx_word' id='word_1_98' title='bbox 326 1510 363 1552; x_wconf 91' lang='lat' dir='ltr'>ea</span> <span class='ocrx_word' id='word_1_99' title='bbox 386 1509 512 1572; x_wconf 91' lang='lat' dir='ltr'>quoque</span> <span class='ocrx_word' id='word_1_100' title='bbox 537 1487 706 1552; x_wconf 88' lang='lat' dir='ltr'>contineri:</span> <span class='ocrx_word' id='word_1_101' title='bbox 735 1509 800 1552; x_wconf 93' lang='lat' dir='ltr'>non</span> <span class='ocrx_word' id='word_1_102' title='bbox 824 1487 910 1552; x_wconf 90' lang='lat' dir='ltr'>enim</span> <span class='ocrx_word' id='word_1_103' title='bbox 934 1510 973 1552; x_wconf 85' lang='lat' dir='ltr'>ex</span> <span class='ocrx_word' id='word_1_104' title='bbox 996 1491 1206 1574; x_wconf 89' lang='lat' dir='ltr'>opinionibus</span> 
     </span>
     <span class='ocr_line' id='line_1_15' title="bbox 194 1576 1206 1662; baseline -0.001 -19"><span class='ocrx_word' id='word_1_105' title='bbox 194 1579 406 1662; x_wconf 87' lang='lat' dir='ltr'>singulorum,</span> <span class='ocrx_word' id='word_1_106' title='bbox 444 1576 499 1640; x_wconf 91' lang='lat' dir='ltr'>sed</span> <span class='ocrx_word' id='word_1_107' title='bbox 533 1597 571 1640; x_wconf 86' lang='lat' dir='ltr'>ex</span> <span class='ocrx_word' id='word_1_108' title='bbox 603 1577 766 1641; x_wconf 88' lang='lat' dir='ltr'>communi</span> <span class='ocrx_word' id='word_1_109' title='bbox 798 1599 859 1641; x_wconf 90' lang='lat' dir='ltr'>usu</span> <span class='ocrx_word' id='word_1_110' title='bbox 890 1578 1025 1641; x_wconf 90' lang='lat' dir='ltr'>nomina</span> <span class='ocrx_word' id='word_1_111' title='bbox 1057 1579 1206 1644; x_wconf 85' lang='lat' dir='ltr'>exaudiri</span> 
     </span>
    </p>
   </div>
   <div class='ocr_carea' id='block_1_6' title="bbox 193 1668 982 1821">
    <p class='ocr_par' dir='ltr' id='par_1_6' title="bbox 193 1668 982 1821">
     <span class='ocr_line' id='line_1_16' title="bbox 193 1668 982 1821; baseline 0.095 -90"><span class='ocrx_word' id='word_1_112' title='bbox 193 1668 317 1732; x_wconf 85' lang='lat' dir='ltr'>debere.</span> <span class='ocrx_word' id='word_1_113' title='bbox 409 1752 453 1807; x_wconf 58' lang='lat' dir='ltr'>De</span> <span class='ocrx_word' id='word_1_114' title='bbox 472 1752 538 1806; x_wconf 59' lang='lat' dir='ltr'>,ama</span> <span class='ocrx_word' id='word_1_115' title='bbox 557 1751 614 1805; x_wconf 60' lang='lat' dir='ltr'>,mo</span> <span class='ocrx_word' id='word_1_116' title='bbox 628 1766 759 1818; x_wconf 57' lang='lat' dir='ltr'>,mma</span> <span class='ocrx_word' id='word_1_117' title='bbox 777 1752 860 1805; x_wconf 65' lang='lat' dir='ltr'>uxori</span> <span class='ocrx_word' id='word_1_118' title='bbox 879 1753 982 1821; x_wconf 70' lang='lat' dir='ltr'>leuatis.</span> 
     </span>
    </p>
   </div>
   <div class='ocr_carea' id='block_1_7' title="bbox 190 1849 1275 3444">
    <p class='ocr_par' dir='ltr' id='par_1_7' title="bbox 190 1849 1275 3444">
     <span class='ocr_line' id='line_1_17' title="bbox 282 1849 1204 1936; baseline 0 -19"><span class='ocrx_word' id='word_1_119' title='bbox 282 1853 333 1918; x_wconf 84' lang='lat'>36.</span> <span class='ocrx_word' id='word_1_120' title='bbox 361 1851 399 1916; x_wconf 87' lang='lat' dir='ltr'>D.</span> <span class='ocrx_word' id='word_1_121' title='bbox 420 1852 472 1934; x_wconf 79' lang='lat'>32,</span> <span class='ocrx_word' id='word_1_122' title='bbox 491 1851 543 1934; x_wconf 88' lang='lat'>60,</span> <span class='ocrx_word' id='word_1_123' title='bbox 561 1851 590 1914; x_wconf 79' lang='lat'>2.</span> <span class='ocrx_word' id='word_1_124' title='bbox 623 1849 758 1914; x_wconf 86' lang='lat' dir='ltr'>Alfenus</span> <span class='ocrx_word' id='word_1_125' title='bbox 782 1851 864 1915; x_wconf 92' lang='lat' dir='ltr'>libro</span> <span class='ocrx_word' id='word_1_126' title='bbox 888 1852 1027 1916; x_wconf 89' lang='lat' dir='ltr'>secundo</span> <span class='ocrx_word' id='word_1_127' title='bbox 1052 1851 1204 1936; x_wconf 88' lang='lat' dir='ltr'>Digesto-</span> 
     </span>
     <span class='ocr_line' id='line_1_18' title="bbox 192 1935 1205 2025; baseline 0 -19"><span class='ocrx_word' id='word_1_128' title='bbox 192 1965 262 2006; x_wconf 91' lang='lat' dir='ltr'>rum</span> <span class='ocrx_word' id='word_1_129' title='bbox 284 1940 419 2005; x_wconf 90' lang='lat' dir='ltr'>aPaulo</span> <span class='ocrx_word' id='word_1_130' title='bbox 439 1940 688 2022; x_wconf 88' lang='lat' dir='ltr'>epitomatorum</span> <span class='ocrx_word' id='word_1_131' title='bbox 703 1935 830 2024; x_wconf 76' lang='lat' dir='ltr'>(Ros).</span> <span class='ocrx_word' id='word_1_132' title='bbox 862 1938 953 2005; x_wconf 89' lang='lat' dir='ltr'>Lana</span> <span class='ocrx_word' id='word_1_133' title='bbox 972 1941 1038 2004; x_wconf 92' lang='lat' dir='ltr'>lino</span> <span class='ocrx_word' id='word_1_134' title='bbox 1058 1963 1205 2025; x_wconf 89' lang='lat' dir='ltr'>purpura</span> 
     </span>
     <span class='ocr_line' id='line_1_19' title="bbox 192 2027 1205 2113; baseline 0 -18"><span class='ocrx_word' id='word_1_135' title='bbox 192 2031 286 2095; x_wconf 87' lang='lat' dir='ltr'>uxori</span> <span class='ocrx_word' id='word_1_136' title='bbox 303 2029 430 2113; x_wconf 84' lang='lat' dir='ltr'>legatie,</span> <span class='ocrx_word' id='word_1_137' title='bbox 454 2049 536 2111; x_wconf 88' lang='lat' dir='ltr'>quae</span> <span class='ocrx_word' id='word_1_138' title='bbox 556 2027 623 2091; x_wconf 89' lang='lat' dir='ltr'>eius</span> <span class='ocrx_word' id='word_1_139' title='bbox 643 2048 740 2091; x_wconf 86' lang='lat' dir='ltr'>causa</span> <span class='ocrx_word' id='word_1_140' title='bbox 758 2033 871 2111; x_wconf 89' lang='lat' dir='ltr'>parata</span> <span class='ocrx_word' id='word_1_141' title='bbox 891 2033 1008 2111; x_wconf 87' lang='lat' dir='ltr'>essent,</span> <span class='ocrx_word' id='word_1_142' title='bbox 1030 2051 1101 2093; x_wconf 89' lang='lat' dir='ltr'>cum</span> <span class='ocrx_word' id='word_1_143' title='bbox 1122 2031 1205 2095; x_wconf 90' lang='lat' dir='ltr'>mul-</span> 
     </span>
     <span class='ocr_line' id='line_1_20' title="bbox 192 2115 1204 2205; baseline 0 -23"><span class='ocrx_word' id='word_1_144' title='bbox 192 2123 259 2182; x_wconf 91' lang='lat' dir='ltr'>tam</span> <span class='ocrx_word' id='word_1_145' title='bbox 283 2118 392 2181; x_wconf 85' lang='lat' dir='ltr'>lanam</span> <span class='ocrx_word' id='word_1_146' title='bbox 416 2119 449 2178; x_wconf 90' lang='lat' dir='ltr'>et</span> <span class='ocrx_word' id='word_1_147' title='bbox 472 2115 576 2179; x_wconf 90' lang='lat' dir='ltr'>omnis</span> <span class='ocrx_word' id='word_1_148' title='bbox 600 2117 728 2200; x_wconf 89' lang='lat' dir='ltr'>generis</span> <span class='ocrx_word' id='word_1_149' title='bbox 751 2117 950 2202; x_wconf 86' lang='lat' dir='ltr'>reliquisset,</span> <span class='ocrx_word' id='word_1_150' title='bbox 978 2119 1204 2205; x_wconf 87' lang='lat' dir='ltr'>quaerebatur,</span> 
     </span>
     <span class='ocr_line' id='line_1_21' title="bbox 193 2205 1204 2288; baseline 0.001 -17"><span class='ocrx_word' id='word_1_151' title='bbox 193 2229 234 2270; x_wconf 89' lang='lat' dir='ltr'>an</span> <span class='ocrx_word' id='word_1_152' title='bbox 249 2205 353 2271; x_wconf 90' lang='lat' dir='ltr'>omnis</span> <span class='ocrx_word' id='word_1_153' title='bbox 369 2205 548 2269; x_wconf 89' lang='lat' dir='ltr'>deberetur.</span> <span class='ocrx_word' id='word_1_154' title='bbox 575 2205 749 2288; x_wconf 88' lang='lat' dir='ltr'>respondit,</span> <span class='ocrx_word' id='word_1_155' title='bbox 764 2207 790 2270; x_wconf 94' lang='lat' dir='ltr'>si</span> <span class='ocrx_word' id='word_1_156' title='bbox 805 2205 886 2270; x_wconf 91' lang='lat' dir='ltr'>nihil</span> <span class='ocrx_word' id='word_1_157' title='bbox 901 2227 940 2270; x_wconf 86' lang='lat' dir='ltr'>ex</span> <span class='ocrx_word' id='word_1_158' title='bbox 954 2229 992 2270; x_wconf 87' lang='lat' dir='ltr'>ea</span> <span class='ocrx_word' id='word_1_159' title='bbox 1007 2205 1204 2274; x_wconf 88' lang='lat' dir='ltr'>destinasset</span> 
     </span>
     <span class='ocr_line' id='line_1_22' title="bbox 193 2293 1203 2378; baseline 0.001 -18"><span class='ocrx_word' id='word_1_160' title='bbox 193 2295 233 2360; x_wconf 86' lang='lat' dir='ltr'>ad</span> <span class='ocrx_word' id='word_1_161' title='bbox 256 2315 350 2358; x_wconf 88' lang='lat' dir='ltr'>usum</span> <span class='ocrx_word' id='word_1_162' title='bbox 373 2293 496 2378; x_wconf 85' lang='lat' dir='ltr'>uxoris,</span> <span class='ocrx_word' id='word_1_163' title='bbox 520 2293 575 2357; x_wconf 91' lang='lat' dir='ltr'>sed</span> <span class='ocrx_word' id='word_1_164' title='bbox 599 2293 703 2358; x_wconf 90' lang='lat' dir='ltr'>omnis</span> <span class='ocrx_word' id='word_1_165' title='bbox 726 2295 902 2358; x_wconf 84' lang='lat' dir='ltr'>commixta</span> <span class='ocrx_word' id='word_1_166' title='bbox 925 2299 1022 2378; x_wconf 90' lang='lat' dir='ltr'>esset,</span> <span class='ocrx_word' id='word_1_167' title='bbox 1048 2317 1116 2360; x_wconf 94' lang='lat' dir='ltr'>non</span> <span class='ocrx_word' id='word_1_168' title='bbox 1139 2297 1203 2361; x_wconf 92' lang='lat' dir='ltr'>dis·</span> 
     </span>
     <span class='ocr_line' id='line_1_23' title="bbox 193 2382 1205 2469; baseline 0.002 -21"><span class='ocrx_word' id='word_1_169' title='bbox 193 2383 332 2448; x_wconf 87' lang='lat' dir='ltr'>similem</span> <span class='ocrx_word' id='word_1_170' title='bbox 358 2403 427 2447; x_wconf 91' lang='lat' dir='ltr'>esse</span> <span class='ocrx_word' id='word_1_171' title='bbox 451 2382 729 2466; x_wconf 87' lang='lat' dir='ltr'>deliberationem,</span> <span class='ocrx_word' id='word_1_172' title='bbox 758 2404 829 2447; x_wconf 88' lang='lat' dir='ltr'>curn</span> <span class='ocrx_word' id='word_1_173' title='bbox 858 2405 959 2467; x_wconf 89' lang='lat' dir='ltr'>penus</span> <span class='ocrx_word' id='word_1_174' title='bbox 983 2385 1092 2469; x_wconf 88' lang='lat' dir='ltr'>legata</span> <span class='ocrx_word' id='word_1_175' title='bbox 1115 2389 1205 2450; x_wconf 89' lang='lat' dir='ltr'>esset</span> 
     </span>
     <span class='ocr_line' id='line_1_24' title="bbox 193 2472 1202 2557; baseline 0.001 -19"><span class='ocrx_word' id='word_1_176' title='bbox 193 2477 225 2538; x_wconf 91' lang='lat' dir='ltr'>et</span> <span class='ocrx_word' id='word_1_177' title='bbox 248 2473 366 2536; x_wconf 89' lang='lat' dir='ltr'>multas</span> <span class='ocrx_word' id='word_1_178' title='bbox 390 2493 440 2536; x_wconf 91' lang='lat' dir='ltr'>res</span> <span class='ocrx_word' id='word_1_179' title='bbox 460 2493 542 2556; x_wconf 91' lang='lat' dir='ltr'>quae</span> <span class='ocrx_word' id='word_1_180' title='bbox 561 2494 662 2555; x_wconf 88' lang='lat' dir='ltr'>penus</span> <span class='ocrx_word' id='word_1_181' title='bbox 682 2475 791 2537; x_wconf 87' lang='lat' dir='ltr'>essent</span> <span class='ocrx_word' id='word_1_182' title='bbox 808 2472 1003 2557; x_wconf 88' lang='lat' dir='ltr'>reliquisset,</span> <span class='ocrx_word' id='word_1_183' title='bbox 1027 2474 1202 2557; x_wconf 88' lang='lat' dir='ltr'>exquibus</span> 
     </span>
     <span class='ocr_line' id='line_1_25' title="bbox 192 2559 1202 2647; baseline -0.001 -19"><span class='ocrx_word' id='word_1_184' title='bbox 192 2566 285 2647; x_wconf 90' lang='lat' dir='ltr'>pater</span> <span class='ocrx_word' id='word_1_185' title='bbox 316 2559 460 2626; x_wconf 79' lang='lat' dir='ltr'>familias</span> <span class='ocrx_word' id='word_1_186' title='bbox 492 2561 628 2626; x_wconf 85' lang='lat' dir='ltr'>vendere</span> <span class='ocrx_word' id='word_1_187' title='bbox 661 2561 775 2626; x_wconf 90' lang='lat' dir='ltr'>solitus</span> <span class='ocrx_word' id='word_1_188' title='bbox 808 2567 902 2625; x_wconf 89' lang='lat' dir='ltr'>esset.</span> <span class='ocrx_word' id='word_1_189' title='bbox 955 2584 1032 2626; x_wconf 90' lang='lat' dir='ltr'>nam</span> <span class='ocrx_word' id='word_1_190' title='bbox 1066 2561 1094 2625; x_wconf 94' lang='lat' dir='ltr'>si</span> <span class='ocrx_word' id='word_1_191' title='bbox 1124 2561 1202 2627; x_wconf 85' lang='lat' dir='ltr'>vina</span> 
     </span>
     <span class='ocr_line' id='line_1_26' title="bbox 193 2649 1275 2734; baseline 0 -18"><span class='ocrx_word' id='word_1_192' title='bbox 193 2651 373 2716; x_wconf 88' lang='lat' dir='ltr'>diffudisset</span> <span class='ocrx_word' id='word_1_193' title='bbox 396 2650 565 2716; x_wconf 88' lang='lat' dir='ltr'>habiturus</span> <span class='ocrx_word' id='word_1_194' title='bbox 588 2651 696 2715; x_wconf 92' lang='lat' dir='ltr'>usioni</span> <span class='ocrx_word' id='word_1_195' title='bbox 720 2651 789 2734; x_wconf 87' lang='lat' dir='ltr'>ipse</span> <span class='ocrx_word' id='word_1_196' title='bbox 812 2649 961 2714; x_wconf 85' lang='lat' dir='ltr'>etheree</span> <span class='ocrx_word' id='word_1_197' title='bbox 985 2652 1066 2733; x_wconf 91' lang='lat' dir='ltr'>eius,</span> <span class='ocrx_word' id='word_1_198' title='bbox 1089 2653 1202 2716; x_wconf 87' lang='lat' dir='ltr'>tamen</span> <span class='ocrx_word' id='word_1_199' title='bbox 1274 2689 1275 2724; x_wconf 56' lang='lat'>1</span> 
     </span>
     <span class='ocr_line' id='line_1_27' title="bbox 192 2739 1275 2823; baseline -0.001 -18"><span class='ocrx_word' id='word_1_200' title='bbox 192 2762 286 2805; x_wconf 89' lang='lat' dir='ltr'>omne</span> <span class='ocrx_word' id='word_1_201' title='bbox 313 2741 347 2804; x_wconf 93' lang='lat' dir='ltr'>in</span> <span class='ocrx_word' id='word_1_202' title='bbox 374 2761 459 2823; x_wconf 92' lang='lat' dir='ltr'>penu</span> <span class='ocrx_word' id='word_1_203' title='bbox 488 2740 673 2805; x_wconf 84' lang='lat' dir='ltr'>existimari.</span> <span class='ocrx_word' id='word_1_204' title='bbox 725 2739 780 2803; x_wconf 91' lang='lat' dir='ltr'>sed</span> <span class='ocrx_word' id='word_1_205' title='bbox 808 2761 880 2802; x_wconf 90' lang='lat' dir='ltr'>cum</span> <span class='ocrx_word' id='word_1_206' title='bbox 908 2740 1099 2822; x_wconf 87' lang='lat' dir='ltr'>probaretur</span> <span class='ocrx_word' id='word_1_207' title='bbox 1126 2761 1200 2804; x_wconf 92' lang='lat' dir='ltr'>eum</span> <span class='ocrx_word' id='word_1_208' title='bbox 1274 2747 1275 2774; x_wconf 64' lang='lat'>³</span> 
     </span>
     <span class='ocr_line' id='line_1_28' title="bbox 192 2827 1275 2914; baseline 0.004 -22"><span class='ocrx_word' id='word_1_209' title='bbox 192 2831 247 2914; x_wconf 93' lang='lat' dir='ltr'>qui</span> <span class='ocrx_word' id='word_1_210' title='bbox 270 2830 499 2892; x_wconf 89' lang='lat' dir='ltr'>testamentum</span> <span class='ocrx_word' id='word_1_211' title='bbox 525 2828 656 2893; x_wconf 89' lang='lat' dir='ltr'>fecisset</span> <span class='ocrx_word' id='word_1_212' title='bbox 682 2830 808 2911; x_wconf 87' lang='lat' dir='ltr'>partem</span> <span class='ocrx_word' id='word_1_213' title='bbox 835 2849 936 2910; x_wconf 90' lang='lat' dir='ltr'>penus</span> <span class='ocrx_word' id='word_1_214' title='bbox 959 2827 1095 2892; x_wconf 85' lang='lat' dir='ltr'>vendere</span> <span class='ocrx_word' id='word_1_215' title='bbox 1126 2829 1201 2893; x_wconf 93' lang='lat' dir='ltr'>soli·</span> <span class='ocrx_word' id='word_1_216' title='bbox 1274 2873 1275 2896; x_wconf 44' lang='grc' dir='ltr'>ι</span> 
     </span>
     <span class='ocr_line' id='line_1_29' title="bbox 191 2913 1275 3001; baseline 0.002 -21"><span class='ocrx_word' id='word_1_217' title='bbox 191 2922 261 2981; x_wconf 90' lang='lat' dir='ltr'>turn</span> <span class='ocrx_word' id='word_1_218' title='bbox 285 2938 365 2998; x_wconf 90' lang='lat' dir='ltr'>esse,</span> <span class='ocrx_word' id='word_1_219' title='bbox 388 2917 600 2980; x_wconf 88' lang='lat' dir='ltr'>constitutum</span> <span class='ocrx_word' id='word_1_220' title='bbox 625 2937 704 2998; x_wconf 87' lang='lat' dir='ltr'>esse,</span> <span class='ocrx_word' id='word_1_221' title='bbox 727 2921 763 2980; x_wconf 92' lang='lat' dir='ltr'>ut</span> <span class='ocrx_word' id='word_1_222' title='bbox 786 2937 824 2979; x_wconf 89' lang='lat' dir='ltr'>ex</span> <span class='ocrx_word' id='word_1_223' title='bbox 843 2937 890 3000; x_wconf 90' lang='lat' dir='ltr'>eo,</span> <span class='ocrx_word' id='word_1_224' title='bbox 913 2917 998 3001; x_wconf 90' lang='lat' dir='ltr'>quod</span> <span class='ocrx_word' id='word_1_225' title='bbox 1018 2916 1058 2980; x_wconf 85' lang='lat' dir='ltr'>ad</span> <span class='ocrx_word' id='word_1_226' title='bbox 1077 2939 1200 2982; x_wconf 90' lang='lat' dir='ltr'>annum</span> <span class='ocrx_word' id='word_1_227' title='bbox 1274 2913 1275 2940; x_wconf 69' lang='lat'>³</span> 
     </span>
     <span class='ocr_line' id='line_1_30' title="bbox 192 3003 1275 3089; baseline 0 -19"><span class='ocrx_word' id='word_1_228' title='bbox 192 3027 273 3089; x_wconf 91' lang='lat' dir='ltr'>opus</span> <span class='ocrx_word' id='word_1_229' title='bbox 298 3010 390 3086; x_wconf 90' lang='lat' dir='ltr'>esset,</span> <span class='ocrx_word' id='word_1_230' title='bbox 412 3003 546 3068; x_wconf 89' lang='lat' dir='ltr'>heredes</span> <span class='ocrx_word' id='word_1_231' title='bbox 569 3005 726 3089; x_wconf 88' lang='lat' dir='ltr'>legatario</span> <span class='ocrx_word' id='word_1_232' title='bbox 750 3003 871 3070; x_wconf 87' lang='lat' dir='ltr'>darent.</span> <span class='ocrx_word' id='word_1_233' title='bbox 918 3004 964 3069; x_wconf 87' lang='lat' dir='ltr'>sic</span> <span class='ocrx_word' id='word_1_234' title='bbox 988 3005 1068 3068; x_wconf 90' lang='lat' dir='ltr'>mibi</span> <span class='ocrx_word' id='word_1_235' title='bbox 1091 3005 1201 3089; x_wconf 84' lang='lat' dir='ltr'>placet</span> <span class='ocrx_word' id='word_1_236' title='bbox 1274 3069 1275 3082; x_wconf 61' lang='grc'>,</span> 
     </span>
     <span class='ocr_line' id='line_1_31' title="bbox 192 3091 1275 3182; baseline 0 -24"><span class='ocrx_word' id='word_1_237' title='bbox 192 3099 224 3158; x_wconf 91' lang='lat' dir='ltr'>et</span> <span class='ocrx_word' id='word_1_238' title='bbox 246 3094 280 3156; x_wconf 94' lang='lat' dir='ltr'>in</span> <span class='ocrx_word' id='word_1_239' title='bbox 303 3094 377 3156; x_wconf 91' lang='lat' dir='ltr'>lana</span> <span class='ocrx_word' id='word_1_240' title='bbox 399 3091 479 3174; x_wconf 88' lang='lat' dir='ltr'>fieri,</span> <span class='ocrx_word' id='word_1_241' title='bbox 502 3096 539 3156; x_wconf 91' lang='lat' dir='ltr'>ut</span> <span class='ocrx_word' id='word_1_242' title='bbox 562 3114 599 3157; x_wconf 87' lang='lat' dir='ltr'>ex</span> <span class='ocrx_word' id='word_1_243' title='bbox 624 3114 661 3156; x_wconf 88' lang='lat' dir='ltr'>ea</span> <span class='ocrx_word' id='word_1_244' title='bbox 685 3092 768 3177; x_wconf 91' lang='lat' dir='ltr'>quod</span> <span class='ocrx_word' id='word_1_245' title='bbox 793 3092 832 3156; x_wconf 85' lang='lat' dir='ltr'>ad</span> <span class='ocrx_word' id='word_1_246' title='bbox 856 3115 949 3157; x_wconf 90' lang='lat' dir='ltr'>usum</span> <span class='ocrx_word' id='word_1_247' title='bbox 970 3115 1110 3158; x_wconf 88' lang='lat' dir='ltr'>annuum</span> <span class='ocrx_word' id='word_1_248' title='bbox 1130 3117 1199 3158; x_wconf 91' lang='lat' dir='ltr'>mu·</span> <span class='ocrx_word' id='word_1_249' title='bbox 1274 3171 1275 3182; x_wconf 9' lang='grc' dir='ltr'>χ</span> 
     </span>
     <span class='ocr_line' id='line_1_32' title="bbox 190 3182 1275 3266; baseline -0.003 -19"><span class='ocrx_word' id='word_1_250' title='bbox 190 3183 264 3247; x_wconf 92' lang='lat' dir='ltr'>lieri</span> <span class='ocrx_word' id='word_1_251' title='bbox 293 3182 372 3246; x_wconf 88' lang='lat' dir='ltr'>satis</span> <span class='ocrx_word' id='word_1_252' title='bbox 402 3185 499 3264; x_wconf 89' lang='lat' dir='ltr'>esset,</span> <span class='ocrx_word' id='word_1_253' title='bbox 532 3203 570 3246; x_wconf 88' lang='lat' dir='ltr'>ea</span> <span class='ocrx_word' id='word_1_254' title='bbox 599 3185 752 3246; x_wconf 87' lang='lat' dir='ltr'>sumeret:</span> <span class='ocrx_word' id='word_1_255' title='bbox 785 3203 850 3245; x_wconf 90' lang='lat' dir='ltr'>non</span> <span class='ocrx_word' id='word_1_256' title='bbox 877 3182 963 3246; x_wconf 90' lang='lat' dir='ltr'>enim</span> <span class='ocrx_word' id='word_1_257' title='bbox 993 3182 1127 3247; x_wconf 90' lang='lat' dir='ltr'>deducto</span> <span class='ocrx_word' id='word_1_258' title='bbox 1152 3205 1199 3266; x_wconf 92' lang='lat' dir='ltr'>eo,</span> <span class='ocrx_word' id='word_1_259' title='bbox 1274 3187 1275 3244; x_wconf 75' lang='grc' dir='ltr'>ἶ</span> 
     </span>
     <span class='ocr_line' id='line_1_33' title="bbox 191 3270 1198 3357; baseline 0 -21"><span class='ocrx_word' id='word_1_260' title='bbox 191 3271 276 3357; x_wconf 91' lang='lat' dir='ltr'>quod</span> <span class='ocrx_word' id='word_1_261' title='bbox 298 3270 338 3335; x_wconf 89' lang='lat' dir='ltr'>ad</span> <span class='ocrx_word' id='word_1_262' title='bbox 356 3270 418 3334; x_wconf 85' lang='lat' dir='ltr'>viri</span> <span class='ocrx_word' id='word_1_263' title='bbox 436 3293 528 3334; x_wconf 91' lang='lat' dir='ltr'>usum</span> <span class='ocrx_word' id='word_1_264' title='bbox 548 3293 627 3355; x_wconf 92' lang='lat' dir='ltr'>opus</span> <span class='ocrx_word' id='word_1_265' title='bbox 648 3274 742 3356; x_wconf 90' lang='lat' dir='ltr'>esset,</span> <span class='ocrx_word' id='word_1_266' title='bbox 764 3271 922 3355; x_wconf 89' lang='lat' dir='ltr'>reliquum</span> <span class='ocrx_word' id='word_1_267' title='bbox 941 3271 1034 3352; x_wconf 72' lang='lat' dir='ltr'>uxori</span> <span class='ocrx_word' id='word_1_268' title='bbox 1052 3271 1198 3356; x_wconf 88' lang='lat' dir='ltr'>legatum</span> 
     </span>
     <span class='ocr_line' id='line_1_34' title="bbox 192 3357 1275 3444; baseline -0.004 -17"><span class='ocrx_word' id='word_1_269' title='bbox 192 3383 275 3426; x_wconf 88' lang='lat' dir='ltr'>esse:</span> <span class='ocrx_word' id='word_1_270' title='bbox 300 3359 355 3424; x_wconf 90' lang='lat' dir='ltr'>sed</span> <span class='ocrx_word' id='word_1_271' title='bbox 379 3359 464 3443; x_wconf 91' lang='lat' dir='ltr'>quod</span> <span class='ocrx_word' id='word_1_272' title='bbox 487 3361 595 3424; x_wconf 86' lang='lat' dir='ltr'>uxoris</span> <span class='ocrx_word' id='word_1_273' title='bbox 620 3382 717 3424; x_wconf 88' lang='lat' dir='ltr'>causa</span> <span class='ocrx_word' id='word_1_274' title='bbox 739 3363 888 3444; x_wconf 88' lang='lat' dir='ltr'>paratum</span> <span class='ocrx_word' id='word_1_275' title='bbox 912 3365 1006 3424; x_wconf 91' lang='lat' dir='ltr'>esset.</span> <span class='ocrx_word' id='word_1_276' title='bbox 1274 3357 1275 3362; x_wconf 66' lang='grc'>’</span> 
     </span>
    </p>
   </div>
   <div class='ocr_carea' id='block_1_8' title="bbox 192 3480 1198 3648">
    <p class='ocr_par' dir='ltr' id='par_1_8' title="bbox 192 3480 1198 3648">
     <span class='ocr_line' id='line_1_35' title="bbox 280 3480 1197 3556; baseline -0.001 -16"><span class='ocrx_word' id='word_1_277' title='bbox 280 3480 453 3540; x_wconf 84' lang='lat' dir='ltr'>Triboniani</span> <span class='ocrx_word' id='word_1_278' title='bbox 471 3498 576 3541; x_wconf 88' lang='lat' dir='ltr'>manus</span> <span class='ocrx_word' id='word_1_279' title='bbox 594 3499 648 3556; x_wconf 89' lang='lat' dir='ltr'>per</span> <span class='ocrx_word' id='word_1_280' title='bbox 666 3483 764 3539; x_wconf 88' lang='lat' dir='ltr'>totum</span> <span class='ocrx_word' id='word_1_281' title='bbox 778 3481 980 3556; x_wconf 86' lang='lat' dir='ltr'>fragmentum</span> <span class='ocrx_word' id='word_1_282' title='bbox 994 3481 1197 3556; x_wconf 82' lang='lat' dir='ltr'>agnoscendas</span> 
     </span>
     <span class='ocr_line' id='line_1_36' title="bbox 192 3561 1198 3648; baseline -0.002 -20"><span class='ocrx_word' id='word_1_283' title='bbox 192 3589 256 3630; x_wconf 88' lang='lat' dir='ltr'>esse</span> <span class='ocrx_word' id='word_1_284' title='bbox 272 3574 354 3646; x_wconf 83' lang='lat' dir='ltr'>pute.</span> <span class='ocrx_word' id='word_1_285' title='bbox 387 3589 447 3628; x_wconf 94' lang='lat' dir='ltr'>non</span> <span class='ocrx_word' id='word_1_286' title='bbox 461 3569 548 3629; x_wconf 91' lang='lat' dir='ltr'>modo</span> <span class='ocrx_word' id='word_1_287' title='bbox 563 3587 738 3646; x_wconf 88' lang='lat' dir='ltr'>responsum</span> <span class='ocrx_word' id='word_1_288' title='bbox 752 3569 940 3645; x_wconf 87' lang='lat' dir='ltr'>negligenter</span> <span class='ocrx_word' id='word_1_289' title='bbox 952 3571 1131 3643; x_wconf 87' lang='lat' dir='ltr'>proponitur</span> <span class='ocrx_word' id='word_1_290' title='bbox 1145 3561 1198 3648; x_wconf 68' lang='lat' dir='ltr'>l‘si</span> 
     </span>
    </p>
   </div>
   <div class='ocr_carea' id='block_1_9' title="bbox 0 0 1298 3908">
    <p class='ocr_par' dir='ltr' id='par_1_9' title="bbox 0 0 1298 3908">
     <span class='ocr_line' id='line_1_37' title="bbox 0 0 1298 3908; baseline 0 1"><span class='ocrx_word' id='word_1_291' title='bbox 0 0 1298 3908; x_wconf 95' lang='lat' dir='ltr'> </span> 
     </span>
    </p>
   </div>
  </div>
 </body>
</html>
