2600 3908
317 213 341 264 7.
365 209 396 274 Q.
416 207 643 262 arborosus.
658 206 687 262 P.
703 207 736 262 N.
752 205 942 262 SCAEVOLA
1089 205 1130 270 89

214 372 244 436 3.
265 371 301 436 D.
317 372 346 454 9,
363 373 390 454 1,
408 373 435 452 1,
452 371 502 434 11.
535 368 693 452 Ulpianus
708 369 791 434 libro
807 374 922 454 octavo
938 368 977 434 ad
994 370 1133 434 edictum

122 460 173 545 (P.
189 458 278 545 608).
315 459 396 525 Cum
411 461 526 524 arietes
541 460 592 524 vel
607 459 706 524 boves
722 455 882 545 (noxiam)
897 459 1134 523 commisissent

122 556 157 614 et
181 551 264 614 alter
286 549 425 613 alterum
448 548 577 631 occidit,
605 547 742 624 Quintus
765 545 892 612 Mucius
916 547 1074 629 distinxit,
1099 554 1136 612 ut

7 629 8 658 ³
123 639 152 703 si
191 637 319 722 quidem
352 637 380 702 is
413 636 550 720 perisset
582 638 637 722 qui
670 637 841 721 adgressus
875 642 957 717 erat,
995 641 1135 700 cessaret

124 728 225 808 actio,
254 727 281 790 si
308 727 416 812 isqui
439 748 505 791 non
528 729 776 808 provocaverat,
802 730 999 809 competeret
1023 722 1134 790 actio.l

542 977 651 1064 Liber
673 979 720 1038 X?
804 1031 805 1034 ,

489 1104 535 1164 Dc
557 1107 634 1163 statu
656 1104 773 1163 liberis?

216 1223 254 1288 D.
277 1224 330 1307 40,
350 1224 378 1306 7,
397 1223 438 1288 29
467 1225 535 1304 §L
587 1221 784 1307 Pomponius
821 1223 904 1288 libro
943 1228 1057 1289 octavo
1095 1225 1134 1289 ad

127 1313 282 1389 Quintum
310 1311 450 1377 Mucium
479 1308 527 1398 (P.
552 1311 639 1391 275).
688 1311 825 1388 Quintus
853 1312 979 1376 Mucius
1008 1312 1135 1378 scribit:

125 1405 220 1486 pater
242 1401 383 1466 familias
406 1400 440 1465 in
463 1405 657 1464 testamento
681 1405 854 1484 scripserat
875 1399 914 1465 ‘si
933 1401 1135 1467 Andronicus

127 1513 237 1555 servus
270 1511 359 1554 meus
391 1489 501 1554 heredi
531 1510 603 1553 meo
631 1487 754 1552 dederit
783 1488 903 1568 decem,
933 1490 1016 1554 liber
1044 1478 1170 1556 esto'.’

125 1579 240 1643 deinde
265 1579 302 1642 de
325 1577 377 1643 his
400 1577 495 1643 bonis
514 1582 665 1662 coeperat
683 1578 901 1666 controversia
920 1600 1003 1644 esse:
1027 1579 1134 1671 quise

125 1669 199 1754 lege
220 1667 374 1732 heredem
403 1668 513 1732 aiebat
541 1687 625 1748 esse,
653 1667 681 1730 is
709 1688 781 1731 eam
804 1666 1014 1731 hereditatem
1038 1668 1077 1732 ad
1102 1689 1135 1732 se

9 1775 10 1786 ²
125 1757 288 1842 pertinere
304 1757 440 1834 dicebat,
460 1757 549 1839 alter,
566 1755 621 1840 qui
635 1755 849 1820 hereditatem
863 1755 1057 1839 possidebat,
1072 1757 1134 1820 aie·

126 1848 185 1910 bat
203 1849 398 1910 testamento
419 1867 452 1910 se
471 1844 620 1910 heredem
640 1865 717 1909 esse.
754 1844 928 1908 secundum
947 1843 1133 1931 (?contra?)

127 1955 200 1998 eum
234 1934 394 1998 sententia
426 1934 513 1998 dicta
543 1938 625 2018 erat,
658 1934 712 2018 qui
738 1937 937 1999 testamento
965 1935 1075 1998 aicbat
1103 1955 1136 1998 se

7 2015 9 2034 ⁵
127 2023 278 2087 heredem
307 2044 385 2087 esse.
432 2022 543 2087 deinde
569 2022 774 2087 Andronicus
803 2023 990 2108 quaerebat,
1019 2022 1046 2087 si
1072 2023 1136 2108 ipsi

128 2111 246 2196 viginti
282 2111 438 2196 dedisset,
476 2111 628 2196 quoniam
666 2112 838 2177 secundum
871 2135 944 2176 eum
976 2113 1138 2176 sententia

129 2201 215 2266 dicta
234 2205 292 2282 est,
310 2199 479 2264 futurusne
498 2204 584 2264 esset
601 2200 684 2264 liber
698 2223 738 2264 an
752 2201 834 2265 nihil
848 2201 995 2266 videatur
1009 2206 1136 2265 senten-

128 2290 184 2373 tia,
208 2311 272 2376 qua
291 2289 377 2372 vicit,
400 2288 440 2353 ad
460 2311 530 2354 eam
550 2311 618 2353 rem
637 2288 766 2353 valere?
795 2289 982 2374 <respondit
1000 2290 1137 2374 valere).

130 2382 324 2463 quapropter
356 2379 384 2442 si
417 2379 534 2462 viginti
565 2377 675 2442 heredi
708 2378 829 2462 scripto
857 2379 998 2443 dedisset
1025 2382 1058 2443 et
1086 2399 1137 2443 res

81 2481 83 2486 '
130 2473 243 2532 contra
270 2488 490 2550 possessorem
517 2466 661 2531 indicata
684 2471 782 2550 esset,
810 2468 958 2532 illumin
983 2469 1136 2548 servitute

128 2555 206 2621 fore.
240 2555 348 2620 Labeo
368 2555 429 2621 hoc
450 2554 536 2641 quod
555 2553 692 2630 Quintus
707 2555 831 2620 Mucius
851 2555 1007 2620 scribit..
1023 2558 1139 2639 ,putat

128 2667 239 2710 verum
262 2666 332 2709 esse

218 2773 300 2844 Quae
320 2773 519 2834 Tribonianus
539 2773 672 2832 Mucium
695 2772 846 2848 scripsisse
866 2772 947 2852 dicit,
970 2792 1029 2832 non
1047 2773 1138 2833 Mucii

128 2863 222 2924 verba
249 2866 330 2935 sunt,
364 2864 416 2923 sed
443 2864 553 2939 partim
581 2867 660 2921 certe
687 2861 857 2939 Pomponii,
890 2862 942 2938 qui
968 2861 1138 2922 Mucianam

8 2939 10 2982 ἒ
130 2952 308 3012 sententium
333 2952 446 3012 retulit.
493 2954 525 3010 at
546 2971 584 3010 ne
608 2951 809 3010 Tritonianus
832 2951 951 3029 quidem
975 2955 1138 3027 inanuma

128 3042 195 3101 loco
219 3040 337 3100 videtur
360 3041 548 3100 abstinuisse.
595 3046 727 3099 ceterum
749 3060 778 3100 v.
802 3059 894 3122 supra
916 3060 944 3116 p.
966 3043 1015 3102 72.

202 3235 215 3282 1
236 3231 280 3284 De
297 3229 468 3297 sequentibus
485 3229 573 3283 verbis
595 3227 688 3296 ‘quarn
704 3227 739 3281 ob
754 3245 813 3282 rein
828 3246 891 3282 eum
907 3227 961 3282 sibi
975 3229 1024 3281 aut
1037 3243 1137 3281 noxam

129 3303 232 3358 sarcire
252 3301 301 3354 aut
319 3301 348 3352 in
366 3315 467 3352 noxam
482 3298 583 3353 dedere
597 3299 738 3368 oportere’
754 3315 777 3354 o.
794 3299 878 3353 Leael
893 3299 1024 3353 Edictum
1034 3304 1145 3366 perpet.

121 3393 153 3446 p.
170 3377 224 3428 155
244 3377 267 3426 et
288 3369 350 3426 Par.
370 3371 407 3425 ad
430 3368 578 3440 Ulpianum
598 3375 662 3424 608.
