2588 3908
343 181 368 229 s.
395 175 547 230 1111111
567 137 887 230 111111111111111
1054 177 1119 242 209

104 361 209 405 causa
243 360 374 422 specum
406 338 536 403 fecisset
568 340 600 400 et
634 341 754 402 cretam
788 337 989 424 abstulisset,
1020 337 1120 420 furem

106 449 186 512 esse,
209 450 276 492 non
299 429 376 512 quia
398 427 548 510 fodisset,
572 425 627 490 sed
650 427 727 510 quia
750 426 948 492 abstulisset.
983 431 984 436 ’

198 547 295 608 Hodie
324 547 449 623 legitur:
482 539 620 622 ‘specum
648 547 728 622 quis
756 547 929 606 fecisset..
952 548 1011 606 fur
1038 542 1120 610 est'.

106 637 312 696 Tritonianus
343 635 392 697 111
423 635 535 694 Paulus
564 635 729 694 orationem
761 634 863 694 Alfeni
892 637 1032 696 mutavit.
1082 638 1119 696 ct.

107 727 218 804 141,
239 728 289 802 11,
310 727 359 799 15,
379 726 429 784 32.

420 875 464 930 De
481 877 572 930 coeris
590 876 678 930 aversi
695 877 809 930 actione.

201 983 273 1050 135.
306 984 345 1048 D.
368 984 420 1066 19,
440 985 475 1066 2,
494 983 545 1049 31.
587 983 677 1055 Idem
702 981 868 1072 (Alfenus)
885 985 980 1050 *libro
1004 985 1118 1069 quinto

109 1073 322 1158 Digestorum
346 1095 366 1136 a
384 1073 485 1136 Paulo
505 1073 753 1156 epitomatorem
773 1071 822 1160 (P.
844 1069 908 1160 71).
945 1073 985 1138 In
1003 1096 1119 1139 navem

107 1160 232 1226 Saufeii
247 1183 318 1226 cum
333 1161 513 1245 complures
528 1161 723 1225 frumentum
738 1161 957 1244 confuderant,
972 1161 1119 1228 Saufeius

107 1251 166 1316 uni
185 1272 225 1316 cx
247 1250 298 1314 his
321 1249 518 1314 frumentum
540 1249 722 1314 reddiderat
740 1251 779 1314 de
798 1250 960 1316 communi
978 1255 1010 1316 et
1028 1253 1119 1317 navis

109 1339 263 1424 perierat:
292 1339 470 1423 quaesitum
497 1343 560 1422 est,
589 1360 631 1402 an
654 1340 751 1403 ceteri
773 1361 832 1424 pro
857 1361 915 1404 sue
938 1343 1030 1424 parte
1053 1340 1118 1404 fru-

91 1431 214 1508 menti
236 1438 309 1492 'eum
332 1431 433 1492 nauta
456 1447 551 1512 agere
574 1432 711 1510 possunt
730 1429 836 1492 oneris
860 1429 963 1492 aversi
983 1429 1119 1494 actione.

110 1517 279 1600 respondit
301 1538 407 1580 rerum
435 1516 615 1580 locatarum
644 1515 706 1580 duo
734 1536 854 1599 genera
882 1539 965 1600 esse,
994 1521 1031 1582 ut
1064 1521 1120 1582 aut

108 1605 197 1670 idem
216 1605 402 1669 redderetur
421 1603 530 1689 (sicuti
549 1625 621 1669 eum
639 1604 836 1668 vestimenta
849 1605 963 1670 fulloni
979 1607 1120 1671 curanda

110 1693 312 1778 locarentur)
332 1698 389 1758 aut
408 1691 550 1757 eiusdem
570 1693 696 1776 generis
714 1693 899 1758 redderetur
915 1691 1032 1780 (veluti
1047 1717 1119 1760 cum

109 1786 283 1866 argentum
313 1783 498 1865 pusulatum
526 1781 619 1846 fabro
647 1781 791 1864 daretur,
824 1786 859 1846 ut
886 1805 965 1847 1111
996 1784 1120 1868 fierent,

110 1875 170 1936 aut
193 1893 316 1952 aurum,
339 1875 376 1934 ut
396 1869 515 1958 anuli):
539 1893 578 1934 ex
601 1871 763 1955 superiore
786 1892 882 1935 causa
904 1893 973 1935 rem
997 1871 1118 1936 domini

110 1981 250 2044 manere,
275 1974 313 2023 ex
335 1959 515 2044 posteriore
533 1960 567 2023 in
587 1960 743 2024 creditum
762 1960 811 2024 iri.
847 1959 931 2024 idem
949 1961 1028 2024 iuris
1048 1982 1118 2026 esse

108 2049 145 2114 in
177 2049 339 2131 deposito:
365 2069 449 2112 111111
481 2047 509 2110 11
539 2049 609 2132 quis
643 2049 811 2131 pecuniam
838 2053 1044 2114 numeratam
1071 2049 1119 2114 ite

109 2137 325 2222 deposuisset,
352 2141 389 2200 ut
416 2157 520 2220 neque
548 2137 671 2224 clusam
699 2159 801 2221 neque
825 2138 1031 2222 obsignatam
1054 2141 1119 2203 tra·

109 2227 213 2310 deret,
237 2224 293 2290 sed
316 2225 554 2309 adnumeraret,
580 2225 662 2288 nihil
686 2224 773 2290 aliud
798 2249 871 2291 eum
894 2226 1010 2291 debere
1034 2226 1117 2310 apud

110 2337 206 2401 quem
230 2314 378 2398 deposita
401 2317 487 2378 esset
509 2313 572 2379 nisi
594 2314 787 2380 tantundem
805 2315 961 2399 pecuniae
985 2317 1118 2380 solvere.

109 2403 284 2470 secundum
307 2424 388 2487 quae
411 2403 513 2466 rideri
539 2402 682 2467 triticum
700 2403 821 2468 factum
841 2403 962 2468 Saufeii
981 2409 1118 2469 1111111

108 2495 232 2558 datum.
278 2492 362 2574 quod
387 2492 414 2554 si
437 2491 611 2574 separatim
633 2491 755 2555 tabulis
782 2496 838 2555 aut
860 2492 1036 2556 heronibus
1061 2497 1117 2558 eut

107 2583 145 2647 in
164 2581 228 2646 alia
247 2601 328 2664 cupa
346 2580 471 2645 clusum
490 2579 739 2663 uniuscuiusque
760 2580 907 2643 triticum
926 2580 1050 2664 fuisset,
1072 2582 1120 2644 ita

109 2679 147 2736 ut
170 2669 347 2734 internosci
369 2671 480 2752 posset
497 2668 579 2752 ,quid
602 2668 755 2751 cuiusque
775 2671 868 2751 11111,
890 2689 955 2733 non
972 2669 1118 2751 potuisse

108 2755 259 2824 aautom¹
284 2758 553 2842 permutationem
580 2755 699 2839 facere,
732 2756 787 2820 sed
820 2759 889 2820 11111
920 2777 1017 2842 posse
1045 2778 1119 2822 eum

108 2848 201 2912 ouius
224 2847 340 2911 fuisset
361 2847 504 2911 triticum
532 2845 617 2931 quod
643 2847 745 2909 nauta
773 2845 924 2910 solvisset
947 2845 1118 2911 vindicare.

109 2942 143 3002 et
166 2936 238 3000 ideo
263 2957 296 3000 se
319 2935 503 3020 improbare
527 2934 668 2999 actiones
689 2935 795 2999 oneris
815 2935 933 2999 aversi:
957 2935 1032 3018 quie
1051 2937 1118 3000 sive
1182 2927 1185 2936 ’

106 3027 180 3090 eius
205 3023 331 3109 generis
355 3027 466 3088 essent
488 3045 624 3108 merces,
654 3044 736 3106 quae
763 3027 881 3088 nautae
904 3025 1119 3107 traderentur,

110 3118 148 3179 ut
172 3111 326 3180 continuo
350 3112 418 3176 eius
441 3113 556 3176 fierent
579 3116 612 3177 11
635 3116 794 3178 mercator
816 3113 851 3176 in
870 3113 1026 3178 creditum
1049 3114 1143 3196 iret,

109 3225 177 3269 non
201 3201 362 3266 videretur
385 3222 465 3266 onus
489 3223 560 3266 esse
579 3223 734 3284 aversum,
758 3203 877 3286 quippe
896 3201 981 3286 quod
1000 3205 1118 3265 nautae

109 3292 240 3357 fuisset:
269 3291 337 3368 sive
361 3291 471 3354 eadem
494 3311 558 3366 res,
587 3312 668 3374 quae
691 3291 811 3355 tradita
833 3296 932 3374 esset,
955 3289 1044 3354 reddi
1068 3289 1119 3353 de·

111 3381 213 3464 beret,
231 3379 310 3444 furti
325 3400 396 3443 esse
411 3379 570 3442 actionem
588 3379 725 3443 locatori
744 3381 776 3442 et
794 3379 866 3444 ideo
886 3399 1119 3462 supervacuum

183 3549 198 3598 1
219 3544 270 3600 ΡΖ.
289 3560 348 3600 nos.
376 3545 526 3600 1111111111
544 3545 610 3599 Aut.
629 3543 730 3599 Faber.

165 3644 261 3692 Iurlspr.
276 3644 393 3688 ontchsdr.
407 3643 456 3684 rell.
471 3643 505 3684 ed
519 3643 619 3684 Bremcr.
874 3637 907 3684 14
