2614 3914
174 204 238 268 366
268 202 341 260 VIII.
357 201 710 260 OOTAVISAEO.1URIS
726 201 898 260 CONSUL‘I’.
909 201 1032 258 SERIES
1047 203 1185 260 TERTIA

174 391 193 431 a
215 391 276 450 reo,
299 371 352 431 sed
374 373 419 432 ita
441 371 587 432 formulae
610 371 762 444 inseritur,
785 375 821 430 ut
841 371 1074 431 condicionalem
1091 372 1189 434 faeiat

174 461 464 537 condemnationem,
496 460 527 519 id
560 462 607 519 est
633 479 671 519 ne
700 460 788 519 aliter
815 459 903 519 iudex
931 479 1000 520 eum
1027 479 1096 519 oum
1124 480 1186 538 quo

175 551 276 626 agitur
298 550 489 626 condemnat,
512 567 602 624 quam
625 551 651 608 si
673 549 750 607 nihil
771 549 803 607 in
826 567 862 607 ea
883 565 916 608 re
940 567 1000 624 qua
1023 550 1060 608 de
1083 550 1187 628 agitur

174 639 243 698 dolo
271 639 381 698 aotoris
408 638 523 697 fantum
551 637 604 714 sit;
630 637 704 697 item
730 657 768 696 ne
796 637 885 697 aliter
910 635 1000 696 iudex
1022 657 1090 697 eum
1114 657 1187 698 oon·

173 728 306 806 demnet,
343 746 432 804 quam
469 727 494 786 si
529 725 647 785 nullum
683 729 805 803 paetum
843 731 1022 786 conventum
1053 727 1089 785 de
1124 746 1185 786 non

172 816 302 892 petenda
329 815 457 892 pecnnia
485 816 600 874 faotum
630 808 743 873 fuerit?
795 817 856 873 141
890 809 955 874 ‘neo
984 820 1086 874 tamen
1116 834 1184 875 oum

173 905 244 982 quid
262 904 352 964 iussit
369 904 433 963 fieri
454 906 508 962 aut
525 903 591 962 fieri
608 903 798 980 prohibuerit
817 896 975 985 (praetor),
995 905 1098 962 statim
1117 923 1183 980 per·

173 997 274 1054 aetum
297 997 343 1052 est
365 992 528 1070 negotium,
552 992 605 1052 sed
628 991 666 1052 ad
689 992 817 1051 iudicem
840 994 1103 1068 recuperatorosve
1122 993 1185 1052 itur

173 1089 203 1142 et
225 1081 267 1140 ibi
291 1081 380 1140 editis
397 1081 535 1141 formulis
556 1081 720 1156 quaeritur,
744 1099 783 1139 an
801 1081 916 1158 aliquid
934 1082 1078 1141 adversus
1097 1100 1184 1157 prae·

173 1172 247 1231 toris
270 1170 403 1229 edietum
424 1171 539 1229 fantum
563 1169 611 1244 sit,
633 1170 683 1230 vel
706 1189 744 1229 an
767 1170 880 1228 faotum
903 1189 962 1229 non
985 1171 1034 1248 sit,
1057 1171 1139 1246 quod
1157 1171 1183 1230 is

171 1260 237 1319 fieri
264 1253 406 1318 iusserit?
454 1259 517 1318 163
541 1253 560 1318 ‘.
576 1303 605 1317 ..
629 1259 655 1318 si
678 1258 823 1317 arbitrum
844 1259 1043 1334 postulaverit
1065 1261 1091 1318 is
1114 1277 1183 1318 oum

173 1367 231 1425 quo
259 1347 374 1426 agitur,
402 1348 510 1424 accipit
533 1348 692 1407 formulam
717 1365 795 1424 quae
818 1347 990 1423 appellatur
1012 1347 1184 1423 arbItraria,

173 1441 204 1498 et
226 1436 332 1496 iudicis
355 1437 480 1496 arbitrio
504 1437 529 1496 si
553 1436 625 1514 quid
647 1435 767 1495 restitui
789 1437 838 1495 vel
861 1435 993 1496 exhiberi
1011 1435 1128 1508 debeat,
1151 1436 1182 1495 id

174 1527 237 1586 sine
273 1525 405 1602 perieulo
438 1525 559 1585 exhibet
590 1528 645 1584 ant
676 1522 823 1602 restituit,
860 1528 892 1584 et
922 1524 966 1583 ita
998 1521 1183 1602 absolvitur3

173 1613 280 1692 quodsi
306 1632 361 1674 nee
387 1614 531 1674 restituat
557 1633 653 1691 neque
677 1612 828 1686 exhibeat,
857 1613 963 1690 quanti
990 1631 1026 1672 ea
1053 1631 1102 1673 res
1137 1619 1185 1673 est

172 1697 407 1764 condemnatur?
464 1705 543 1763 166⁸
569 1697 588 1762 ³.
608 1748 642 1762 ..
669 1701 760 1762 iudex
788 1701 868 1778 apud
898 1721 987 1779 quem
1016 1702 1053 1762 de
1084 1721 1121 1762 ea
1151 1722 1184 1761 re

172 1793 281 1870 agitur.
327 1792 405 1851 illud
432 1792 547 1852 seilicet
573 1792 702 1868 requirit
730 1785 856 1869 (quod)
878 1793 1000 1866 praetor
1021 1791 1184 1850 interdicto

173 1882 333 1958 conplexus
362 1885 409 1940 est
507 1900 574 1940 oum
597 1881 687 1940 iudex
708 1879 740 1938 id
762 1879 960 1956 exploraverit
983 1882 1013 1939 et
1035 1880 1113 1939 forte
1138 1898 1186 1940 ee*

173 1971 303 2029 eundum
325 1989 373 2029 me
391 1969 558 2028 iudicatum
577 1969 625 2047 sit,
649 1969 853 2029 adversarium
872 1968 946 2026 mihi
964 1972 995 2028 et
1013 1969 1183 2044 sponsionis

172 2062 202 2118 et
229 2058 467 2134 restipulationis
496 2075 636 2134 summas,
659 2075 733 2134 quas
757 2075 826 2116 oum
849 2075 883 2117 eo
906 2057 972 2132 feei,
994 2057 1182 2131 condemnat,

172 2151 203 2206 et
235 2146 444 2208 convenienter
474 2166 522 2204 roe
554 2145 721 2222 sponsionis
754 2148 786 2205 et
816 2146 1066 2221 restipulationis,
1104 2166 1182 2223 quae

171 2253 288 2294 meeum
320 2236 417 2294 saetae
450 2238 533 2312 sunt,
565 2228 716 2295 absolvit?
763 2237 826 2294 178
856 2229 874 2293 ‘.
890 2279 919 2294 ..
943 2235 1112 2294 calumniae
1135 2235 1182 2294 in·

171 2322 248 2384 dioio
272 2367 305 2385 ..
333 2341 420 2382 nemo
448 2323 608 2382 damnatur
635 2322 693 2382 nisi
721 2323 773 2400 qui
795 2323 940 2401 intelligit
961 2342 1021 2383 non
1043 2327 1126 2382 reete
1150 2341 1183 2383 se

171 2430 273 2488 agere,
306 2413 358 2471 sed
388 2413 515 2472 vexandi
547 2411 711 2472 adversarii
737 2413 837 2490 gratia
864 2413 1009 2471 actionem
1037 2411 1182 2490 instituit,

171 2501 332 2579 potiusque
356 2520 391 2560 ex
414 2500 520 2561 indicis
540 2520 640 2561 errore
658 2501 708 2560 vel
725 2501 884 2579 iniquitate
904 2501 1060 2560 victoriam
1079 2505 1184 2576 sperat
1272 2496 1276 2508 “

171 2609 259 2666 quam
283 2609 319 2648 ex
341 2609 432 2650 eausa
454 2590 592 2651 veritatis
615 2584 677 2650 ...'

260 2673 427 2758 ‘Legitima
463 2685 534 2739 sunt
568 2679 681 2738 iudicia
716 2697 794 2756 quae
830 2679 861 2736 in
898 2678 973 2737 urbe
1005 2678 1100 2738 Roma
1132 2680 1182 2739 vel

170 2767 251 2826 intra
278 2769 407 2843 primum
434 2769 520 2828 urbis
547 2769 659 2828 Rornae
682 2767 845 2826 miliarium
867 2767 946 2825 inter
969 2785 1070 2826 omnes
1099 2768 1180 2828 eires

169 2855 319 2915 Romanos
347 2858 403 2916 sub
435 2875 496 2915 uno
527 2857 624 2916 iudice
657 2856 845 2932 accipiuntur
959 2855 1075 2932 inperio
1108 2876 1180 2916 vero

170 2943 361 3003 continentur
389 2945 612 3020 recuperatoris
644 2948 675 3003 et
700 2963 776 3019 quae
805 2945 860 3004 sub
889 2963 949 3004 uno
976 2944 1073 3004 iudice
1102 2945 1180 3005 aoei-

170 3032 295 3108 piuntur
322 3033 538 3092 Interveniente
565 3033 716 3108 peregrini
743 3051 871 3108 persona
897 3032 1005 3092 iudicis
1033 3036 1087 3092 aut
1119 3033 1180 3094 liti-

151 3113 303 3197 gatoris?
342 3123 507 3182 104.105.

259 3208 373 3280 Quibus
391 3210 554 3287 propositis
573 3211 672 3288 imago
685 3211 814 3270 fortasse
828 3210 930 3270 existIt
943 3213 1179 3289 praeceptorum,

170 3318 246 3375 quae
280 3297 385 3359 Ofilius
417 3299 454 3358 de
486 3299 584 3359 offioIo
614 3298 721 3358 iudicis
751 3297 925 3374 composuit.
974 3299 1178 3374 fragmentum

170 3389 267 3464 operis
290 3389 409 3450 nullum
432 3392 538 3449 exstat.
583 3388 746 3448 Tuberonis
770 3388 950 3448 sententiam
972 3406 990 3447 a
1009 3386 1107 3448 Gellio
1128 3390 1179 3466 14,

173 3478 265 3551 7,13
295 3479 457 3539 exhibitam
486 3498 521 3538 ox
549 3479 604 3539 boo
631 3479 758 3538 fortasse
787 3496 875 3553 opere
901 3477 1089 3553 desumptam
1114 3495 1179 3538 osse

170 3564 440 3629 Teuffel-Schwabe
463 3565 483 3644 ξ
503 3570 613 3648 208,1
639 3587 699 3628 non
720 3571 800 3628 reete
823 3566 939 3626 conicit.
