2602 3912
491 171 515 221 3.
534 165 580 221 Μ’.
596 167 773 224 MANlLIUS
1093 173 1137 238 25

540 360 649 421 Liber
672 363 725 422 III.

217 471 245 536 3.
278 469 359 534 Ibid.
384 505 425 516 -
450 473 518 534 tum
547 493 585 536 ex
613 473 696 537 libro
724 474 821 540 tertio
951 479 986 541 ic
1016 478 1137 543 Tabalati

120 559 205 640 sorte
226 559 399 624 assedimus
420 579 471 642 epo
494 565 523 624 et
544 561 675 627 Marcus
696 563 789 644 fitius.

551 749 711 758 ———-—...

434 876 473 960 3.
509 883 567 954 Μ’.
596 884 830 958 MANILIUS

517 1045 575 1088 eos.
600 1023 748 1108 eoelme.

214 1150 397 1228 Pomponius
430 1150 449 1224 ξ
476 1154 516 1212 39
551 1145 636 1228 ‘post
667 1154 722 1213 hos
750 1154 874 1214 fuerunt
900 1155 932 1216 P.
961 1156 1077 1216 Mucius
1106 1160 1136 1216 et

123 1239 241 1300 Brutus
261 1245 292 1299 et
309 1239 460 1316 Manilius,
479 1240 531 1318 qui
549 1241 751 1302 fundaverunt
769 1243 816 1304 ius
835 1244 930 1304 civile.
963 1264 999 1304 ex
1017 1245 1064 1304 his
1084 1291 1135 1306 ...

122 1329 243 1389 libellos
276 1329 401 1406 reliquit
428 1329 541 1389 Brutus
573 1333 702 1408 septam,
733 1332 875 1392 Manilius
901 1336 965 1393 tres
993 1326 1135 1415 (fortasse

124 1413 279 1477 ‘Manilius
295 1422 418 1494 septem,
435 1418 549 1478 Brutus
563 1411 662 1500 tres’),
681 1423 713 1479 et
726 1425 844 1480 exstant
858 1422 1011 1482 volumina
1025 1423 1136 1498 scripta

122 1507 240 1566 Manilii
274 1501 488 1567 monumenta'
532 1508 626 1568 verba
657 1509 764 1568 ultima
791 1513 933 1587 corrupta
960 1512 1038 1571 malo
1065 1505 1134 1570 ‘in-

123 1589 253 1673 scripla'
278 1596 378 1672 legere
401 1614 491 1673 quam
515 1589 740 1656 ‘monumenta'
764 1597 871 1659 delere.

211 1684 297 1744 Idem
339 1684 411 1762 quin
449 1685 680 1744 Manilianarum
721 1687 872 1746 venalium
913 1688 1136 1748 vendendorum

122 1774 223 1851 legum
253 1765 372 1855 (Cicero
400 1773 437 1833 de
461 1792 502 1834 or.
529 1776 561 1852 1,
581 1776 636 1853 58,
657 1767 735 1853 246)
764 1776 813 1837 vel
840 1776 956 1834 Manilii
985 1777 1135 1836 actionum

122 1857 234 1939 (Varro
264 1863 300 1921 de
328 1882 351 1920 r.
375 1853 414 1944 r.)
438 1866 543 1922 auctor
566 1863 619 1940 sit,
648 1863 780 1923 dubitari
807 1865 925 1942 nequit,
953 1883 1135 1942 quamquam

121 1952 153 2010 in
181 1951 334 2011 codicibus
363 1951 483 2026 optimis
511 1971 620 2011 nomen
643 1947 818 2014 ‘Mamilius'
842 1954 962 2032 legitur.
1008 1954 1135 2014 Teuffel-

9 2041 11 2066 *
123 2039 268 2101 Schwabe
292 2037 311 2115 ἓ
333 2042 449 2116 133,1.
469 2041 505 2100 cf.
524 2038 544 2116 ἓ
567 2043 683 2115 158,1.

212 2128 354 2188 Manilius
376 2129 408 2188 in
433 2127 583 2189 Ciceronis
607 2129 643 2189 de
666 2150 698 2190 re
722 2152 750 2207 p.
774 2130 893 2208 dialogo
916 2131 1030 2208 prodit,
1060 2133 1136 2192 eius-

122 2217 189 2276 dem
209 2217 385 2277 memoriam
403 2217 598 2278 Mamertinus
617 2222 695 2295 grat.
713 2223 769 2280 act.
789 2221 907 2280 Iuliano
927 2221 1046 2297 excitat,
1067 2240 1134 2280 cum

122 2307 263 2366 Manilios
282 2337 325 2348 -
344 2307 388 2367 ita
411 2306 498 2380 enim,
521 2327 581 2366 non
602 2300 753 2368 ‘Manlios'
777 2311 935 2388 legendum
960 2329 1023 2370 esre
1047 2310 1134 2369 Joers

10 2451 12 2482 ,
120 2416 151 2471 p.
169 2396 279 2471 256,1
300 2398 379 2455 reete
398 2399 508 2473 monet,
532 2415 599 2455 eum
617 2399 666 2456 uel
685 2397 821 2474 Krueger
839 2418 867 2474 p.
883 2401 957 2474 261,
973 2403 990 2459 7
1011 2417 1136 2475 prauam

10 2489 11 2560 ᾖ
121 2485 285 2544 lectionem
311 2485 422 2544 babeat
444 2515 488 2526 —
511 2485 585 2544 iuris
613 2486 708 2544 civilis
737 2487 891 2547 scientiam
918 2507 985 2546 eum
1013 2488 1080 2547 aliis
1103 2489 1135 2545 in

10 2601 12 2642 ;
124 2573 345 2650 amplissimum
368 2575 496 2652 gradum
519 2573 675 2652 dignitatis
699 2575 831 2636 evexisse
854 2578 963 2636 monet.

11 3469 15 3584 l

535 2761 726 2836 Responsa.

213 2883 272 2944 Cic.
300 2882 337 2942 de
364 2886 439 2947 orat.
465 2887 575 2962 3,133
606 2879 669 2946 ‘M’.
693 2904 762 2945 vere
785 2884 941 2944 Manilium
967 2903 1020 2946 nos
1044 2886 1135 2946 etiam

121 2973 254 3033 uidimus
280 2975 451 3033 transverso
481 2975 683 3034 ambulantem
711 2975 789 3051 foro,
817 2974 897 3052 quod
921 2977 986 3034 erat
1008 2975 1134 3053 insigne,

123 3081 192 3121 enm
220 3061 272 3172 qni
299 3061 331 3120 id
357 3062 481 3136 faceret,
509 3063 607 3122 facere
635 3063 750 3124 civibus
779 3063 916 3124 omnibus
944 3063 1061 3123 consilii
1089 3065 1135 3124 sui

123 3169 249 3228 copiam.

214 3262 243 3327 1.
272 3258 385 3326 Cicero
406 3262 443 3325 de
462 3283 496 3326 re
516 3261 604 3344 publ.
618 3262 648 3344 3,
664 3263 714 3347 10,
731 3263 780 3327 17.
797 3299 837 3308 -
855 3312 879 3327 ..
896 3266 933 3327 ut
951 3262 1004 3327 hic
1023 3266 1134 3328 nostor

124 3352 284 3435 interpres
326 3350 391 3414 alia
431 3372 516 3415 nunc
548 3349 701 3415 Manilius
743 3352 813 3416 iura
854 3351 940 3416 dicat
981 3372 1050 3415 esse
1092 3350 1131 3414 de

125 3439 296 3504 mulierum
333 3439 451 3523 legatis
489 3443 522 3504 ot
557 3439 806 3518 hereditatibus,
842 3440 908 3504 alia
943 3438 1059 3503 solitus
1091 3439 1135 3501 sit

126 3529 313 3594 adulescens
337 3527 441 3593 dicere
463 3525 606 3593 nondum
630 3527 775 3594 Voconia
799 3529 870 3612 lege
893 3528 969 3590 lata.
