2614 3914
468 215 493 264 2.
515 207 633 264 Aonas
653 207 793 264 OPILIUS
1069 207 1133 272 349

125 395 184 439 suo
215 371 326 457 generi
354 370 661 436 adnumerabimus‘?
772 370 857 434 idem
886 374 919 434 et
946 370 984 434 de
1013 371 1140 435 nucleis.

8 479 10 538 l
125 462 295 544 olivarum,
317 461 372 525 sed
395 465 429 524 et
452 460 490 524 de
514 459 641 524 balanis
665 463 715 523 est
736 459 788 524 vel
812 458 840 522 si
863 459 918 543 qui
943 457 999 524 alii
1019 459 1133 524 nuclei.

8 599 9 608 κ
217 552 258 616 1⁰.
290 548 329 613 D.
344 550 395 632 32,
410 548 462 631 55,
478 551 507 631 l,
520 549 551 613 4.
591 547 752 632 Ulpianus
771 547 847 613 ibid.
888 545 923 612 Si
945 548 1068 632 lignum
1091 549 1134 613 sit

8 661 9 666 ¹
125 643 276 723 paratum
296 638 336 703 ad
355 637 510 703 carbones
529 636 710 720 coquendas
730 641 826 719 atque
845 637 1067 720 conficiendas,
1084 638 1135 701 'ait

126 727 244 793 Ofilius
263 727 347 792 libro
367 727 480 811 quinto
499 726 578 790 iuris
597 725 710 811 partiti
726 725 902 790 carbonum
918 725 1133 810 appellatione

8 811 9 876 l
124 816 309 882 huiusmodi
332 817 501 880 materiam
523 837 590 878 non
613 815 780 879 contineri.

215 906 246 970 2.
278 903 318 970 D.
342 907 362 986 ἐ
382 906 411 970 7.
457 901 615 988 Ulpianus
641 903 718 968 ibid.
768 901 882 968 Ofilius
909 902 993 967 libro
1021 903 1132 987 quinto

125 995 206 1059 iuris
233 994 348 1078 partiti
376 993 505 1077 scripsit
531 1013 590 1057 nec
618 995 781 1057 sarmenta
808 991 890 1075 ligni
916 991 1133 1074 appellatione

8 1055 9 1108 l
125 1083 292 1149 contineri.

381 1247 417 1305 V.
451 1247 641 1306 Aelianum
668 1245 757 1304 libri
779 1244 876 1304 XVI...

214 1371 376 1431 Aelianum
402 1370 474 1430 libri
500 1371 633 1430 citantur
660 1370 697 1429 ab
719 1369 848 1446 Ulpiano
876 1369 961 1428 libris
987 1369 1024 1429 ad
1049 1369 1133 1429 Sabi-

125 1479 198 1519 num
218 1455 268 1539 (D.
289 1462 339 1538 33,
360 1462 388 1536 9,
408 1461 475 1534 3‚5
500 1453 618 1518 ‘Ofilius
640 1459 718 1518 libro
742 1459 825 1518 sexto
850 1457 963 1518 decimo
982 1459 1133 1518 actionum

126 1542 253 1608 scribit'.
271 1549 310 1608 ib.
319 1546 366 1623 §8
378 1541 496 1608 ‘Ofilius
511 1547 615 1607 scribit
627 1547 705 1608 libro
720 1551 803 1606 sexto
818 1546 931 1606 decimo
947 1541 1148 1628 actionum').·

8 1707 9 1714 ἵ
126 1641 196 1696 ante
211 1635 335 1696 Ofilium
353 1637 485 1696 eiusdem
505 1637 674 1711 argumenti
691 1635 785 1695 libros
804 1636 931 1694 fortasse
950 1636 1133 1712 scripserunt

8 1749 9 1800 4
124 1726 173 1786 Μ’.
192 1726 333 1786 Manilius
356 1717 463 1808 (supra
484 1745 512 1800 p.
529 1717 639 1804 fifisq.)
668 1729 699 1784 et
721 1723 870 1784 Hostilius
893 1715 1000 1805 (supra
1022 1745 1050 1799 p.
1066 1720 1132 1805 41),
1228 1710 1231 1718 ¹

8 1853 9 1912 ἦ
125 1817 195 1891 post
218 1813 340 1874 Ofilium
367 1817 446 1874 certe
469 1813 634 1879 Venuleius
659 1813 839 1872 Saturninus
863 1804 909 1892 (P.
927 1804 1035 1894 1-6).
1081 1815 1133 1898 qui

126 1903 216 1962 huius
243 1904 340 1980 operis
363 1904 533 1980 fragmenta
556 1901 705 1979 inspiciet,
733 1901 912 1960 Venuleium
933 1921 993 1960 non
1016 1901 1052 1960 de
1076 1903 1132 1962 for-

126 1992 225 2069 mulis,
244 1993 296 2052 sed
314 1992 350 2051 de
368 1991 572 2052 contractibus
587 1995 617 2051 et
630 1991 819 2051 testamentis
833 1990 939 2068 egisse,
959 1993 989 2049 et
1004 1991 1132 2050 secundo

126 2081 246 2140 demum
265 2082 329 2142 loco
348 2081 423 2140 iuris
440 2081 544 2155 civilis,
562 2081 659 2156 primo
673 2099 744 2140 vero
758 2079 832 2138 iuris
846 2079 998 2138 honorarii
1011 2080 1133 2158 negotia

126 2170 289 2246 explicasse
318 2169 441 2230 videbit.
487 2167 568 2228 Ofilii
594 2169 739 2229 librorum
761 2167 892 2228 indolem
914 2167 1038 2228 definire
1065 2169 1132 2228 ideo

126 2259 177 2318 vix'
199 2259 284 2337 licet,
312 2258 391 2336 quod
418 2277 513 2316 unum
535 2261 654 2316 tantum
676 2259 879 2335 fragmentum
902 2275 938 2316 ex
960 2257 1038 2318 libro
1061 2257 1132 2318 XVI

127 2347 318 2424 desumptum
351 2348 487 2406 affertur:
518 2346 550 2404 id
578 2365 650 2407 vero
680 2346 873 2406 manifestum
903 2348 960 2420 est,
993 2347 1025 2405 in
1052 2344 1133 2406 Ofilii

127 2455 220 2512 aeque
245 2439 334 2514 atque
357 2437 389 2494 in
413 2435 567 2508 Saturnini
588 2434 673 2496 libris
696 2435 797 2512 legata
818 2437 950 2494 tractata
972 2453 1044 2496 esse.
1081 2437 1133 2513 qui

126 2543 197 2603 ergo
221 2526 280 2584 iam
300 2524 436 2585 Seruium
454 2523 618 2600 Sulpicium
641 2523 789 2599 praetoris
814 2523 946 2582 edictum
968 2525 1131 2600 explicasse

127 2614 367 2689 consideraverit,
391 2611 514 2673 Ofilium
535 2611 699 2688 principem
719 2611 814 2671 Servii
836 2611 1015 2686 discipulum
1034 2613 1065 2671 in
1085 2631 1131 2672 ac·

125 2703 258 2763 tionibus
282 2702 463 2779 explicandis
485 2719 545 2760 non
567 2701 655 2760 modo
679 2699 823 2778 civilium,
851 2699 902 2758 sed
925 2700 1017 2758 ctiam
1039 2701 1131 2760 hono-

125 2792 275 2851 rariarum
301 2793 453 2851 actionum
479 2789 639 2849 rationem·
653 2788 793 2848 habuisse
820 2787 884 2849 veri
907 2787 1051 2847 dissimile
1073 2808 1133 2849 non

8 2925 9 2940 .
125 2880 254 2956 putabit.
305 2881 406 2958 itaque
438 2897 507 2939 cum
535 2875 641 2938 Ofilius
669 2882 800 2937 extremo
829 2877 949 2936 demum
981 2896 1069 2954 opere
1095 2879 1131 2938 de

126 2969 235 3046 legatis
255 2969 358 3046 egerit,
381 2969 416 3028 de
434 2967 601 3028 honorariis
619 2967 748 3044 negotiis
767 2966 905 3026 similiter
923 2970 1013 3042 atque
1033 2967 1131 3027 Venu-

125 3058 202 3118 leius
224 3058 380 3134 prioribus·
397 3057 482 3116 libris
505 3056 658 3132 scripsisse
681 3055 833 3132 putandus
856 3059 911 3116 est.

525 3251 633 3310 Liber
654 3251 733 3310 XVI.

505 3368 549 3423 De
562 3384 639 3437 penu
657 3368 753 3437 leputa.

217 3481 244 3543 1.
268 3477 307 3543 D.
318 3478 369 3563 33,
377 3478 408 3559 9,
418 3478 448 3561 3,
458 3478 487 3543 8.
515 3475 675 3562 Ulpianus
694 3476 778 3541 libro
797 3473 971 3540 vicensimo
991 3474 1130 3540 secundo

127 3567 166 3632 ad
200 3565 357 3633 Sabinum
383 3563 431 3654 (P.
452 3563 539 3654 264).
594 3563 668 3632 Sive
700 3568 808 3630 autem
838 3563 1036 3628 frumentum
1065 3564 1131 3630 sive
