2600 3908
46 3604 78 3728 t

308 177 333 225 6.
355 169 491 225 TITIUS?
511 200 545 211 -—
566 177 589 225 7.
608 169 745 224 SEXTUS
763 171 930 226 PAPIRIUS
1062 173 1125 236 133

18 357 19 400 ;
108 343 193 419 leges
226 340 290 399 sine
323 338 426 398 ordine
457 339 536 397 latas
643 332 832 414 composuit',
863 340 936 400 item
969 339 1126 417 Pomponii

18 471 19 474 η
109 433 181 490 sunt
213 428 396 487 intermixtis
429 427 604 486 Triboniani
636 427 858 488 additamentis.
910 428 1126 488 Tribonianum

18 583 19 586 Ἴ
111 518 236 577 Sextum
266 517 345 576 huno
373 516 526 592 Papirium
555 535 623 575 oum
649 519 750 578 vetere
778 517 948 576 confudisse
975 517 1024 578 vel
1052 519 1125 578 haee

109 625 158 667 res
180 607 309 680 indicat,
337 605 417 682 quod
442 605 473 664 in
496 608 585 682 gente
608 605 731 682 Papiria
754 604 838 666 Serti
860 623 1042 682 praenomen
1064 625 1124 666 non

109 698 140 755 in
163 715 223 755 usu
247 697 322 755 erat.

199 783 284 854 Quae
316 801 387 842 vero
420 782 501 858 apnd
531 782 730 859 Pomponium
761 784 904 860 legimus:
936 776 1030 861 ‘leges
1061 785 1125 843 sine

112 873 215 934 ordine
239 873 318 931 latas
341 872 377 930 in
401 891 505 930 unum
528 873 697 949 composuit
720 863 773 954 (of.
796 869 816 948 ὅ
836 873 877 933 36
902 865 1001 950 ‘leges
1024 873 1124 950 regias

110 966 145 1022 in
168 981 277 1022 unum
302 952 467 1040 eontulit’),
490 979 549 1020 non
566 960 724 1038 Pomponii
746 979 810 1020 esse
829 961 942 1022 iudioo:
965 981 1035 1022 nam
1054 962 1125 1040 quin

110 1053 192 1129 leges
225 1050 329 1125 regiae
361 1050 421 1108 iam
452 1053 542 1109 antea
568 1050 600 1108 in
626 1050 800 1126 pontificum
828 1050 915 1110 libris
947 1051 1124 1110 eolleetae

110 1141 235 1218 fuerint,
257 1138 392 1198 dubitari
413 1138 526 1215 nequit.
568 1139 691 1215 aceedit,
714 1140 795 1216 quod
816 1139 909 1200 verba
932 1133 1024 1216 ‘leges
1048 1141 1125 1200 sine

112 1231 237 1290 ordine
265 1219 356 1287 latas'
381 1227 562 1286 eontrarium
593 1229 686 1287 etiam
707 1229 840 1304 positum
863 1225 957 1288 fuisse
982 1229 1125 1289 indioant.

111 1319 240 1395 denique
269 1321 299 1375 et
326 1317 495 1392 exemplum
522 1315 627 1386 Quinti
655 1317 759 1392 Mucii,
787 1319 838 1394 qui
865 1318 914 1378 ins
941 1317 1028 1378 oivile
1056 1337 1126 1377 oon-

111 1408 214 1466 stituit
252 1405 431 1484 generatim,
468 1408 499 1464 et
530 1403 675 1464 Varronis
712 1425 813 1465 rerum
850 1406 1020 1467 divinarum
1055 1405 1125 1465 libri

111 1497 237 1556 Sextum
261 1494 417 1570 Papirium
439 1493 595 1570 impulisse
617 1493 767 1570 ridentur,
790 1500 825 1553 ut
848 1495 931 1573 leges
954 1495 1055 1574 regias
1079 1513 1124 1554 se·

111 1585 244 1644 eundum
267 1603 367 1643 rorum
390 1585 569 1660 argumenta
591 1583 759 1642 collocaret.

201 1673 260 1742 Qui
291 1672 370 1730 huno
400 1671 520 1730 demum
549 1671 576 1729 S.
600 1670 753 1748 Papirium
782 1670 815 1742 Q.
838 1671 931 1731 Muoii
958 1673 1126 1732 auditorem

110 1763 194 1839 leges
218 1762 317 1838 regias
339 1761 383 1820 ita
406 1761 589 1836 disposuisse
612 1765 719 1838 sumet,
742 1761 833 1820 etiam
856 1761 932 1819 illud
955 1761 1125 1838 explioabit,

109 1853 189 1928 qnod
216 1870 312 1927 noque
335 1849 432 1909 Varro
455 1869 551 1925 neque
575 1847 679 1909 Oioero
702 1849 773 1908 libri
798 1851 980 1910 mentionem
1002 1850 1126 1922 faoiunt,

109 1960 169 2018 qua
192 1941 225 1998 in
247 1957 280 1997 re
299 1939 357 1997 viri
376 1939 457 1997 doeti
474 1939 581 1998 merito
601 1937 798 1998 offenderunt.
840 1936 969 1998 Granius
988 1938 1124 2016 Flaoous,

110 2029 161 2106 qui
184 2030 222 2087 de
245 2029 309 2086 iure
333 2027 495 2104 Papiriano
519 2028 647 2104 scripsit,
670 2029 785 2104 primns
809 2028 934 2088 alterius
956 2027 1032 2087 iuris
1055 2046 1124 2088 eon-

110 2120 182 2178 sulti
212 2117 326 2175 librum
353 2117 568 2177 commentario
595 2117 753 2195 instruxit,
785 2137 874 2194 quem
902 2119 1007 2192 postea
1036 2117 1126 2176 multi

110 2207 205 2266 secuti
234 2208 312 2266 sont.
359 2223 435 2282 quae
464 2205 585 2264 Servius
614 2205 652 2265 ad
680 2205 754 2266 Aen.
778 2209 832 2285 12,
852 2209 915 2268 836
949 2206 985 2266 de
1019 2199 1124 2266 ‘titulo

109 2297 185 2375 legis
216 2287 369 2371 Papiriae'
399 2296 454 2368 ait,
487 2313 555 2353 eum
584 2296 644 2354 illis
673 2296 868 2374 conveniunt,
900 2314 976 2373 qnae
1003 2295 1126 2355 Persius

111 2386 139 2463 5,
160 2387 202 2444 90
231 2388 261 2442 et
290 2383 410 2441 Arriani
437 2383 596 2458 Epictetus
621 2385 688 2461 4,3
718 2385 754 2444 de
781 2379 907 2444 ‘Masuri
933 2379 1067 2444 rubriea'
1094 2387 1126 2443 et

110 2474 145 2532 de
169 2467 365 2552 (Μασουρίου
387 2465 502 2550 νόμοις’
527 2473 621 2532 aiunt.

201 2561 286 2620 Sexti
304 2561 418 2637 Papirii
441 2561 550 2620 librum
572 2563 678 2637 postea
697 2561 792 2620 Servii
811 2561 897 2620 libris
916 2561 1126 2620 oblitteratum

112 2669 175 2710 esse
198 2651 263 2727 ipse
283 2649 465 2725 Pomponius
488 2646 566 2725 §42
589 2649 704 2708 indicat
721 2649 830 2725 verbis,
854 2667 930 2726 quae
950 2649 1125 2708 Tribonieni

111 2758 202 2799 manu
239 2741 381 2814 corrupta
419 2756 483 2798 esse
519 2741 658 2814 apparet:
699 2733 838 2815 ‘denique
875 2756 929 2796 neo
966 2741 1126 2799 versantur

113 2829 232 2886 omnino
256 2828 369 2902 scripta
392 2846 495 2886 eornm
519 2821 572 2905 (so.
591 2826 683 2886 Muoii
707 2819 892 2906 auditorum)
915 2827 1124 2888 intermunus

112 2916 281 2991 hominum,
309 2916 361 2974 sed
386 2915 508 2976 Servius
537 2912 617 2994 (iis)
646 2917 739 2976 libros
768 2935 838 2977 suos
865 2915 1040 2991 complevit,
1069 2935 1124 2994 pro

114 3007 196 3065 ouius
220 3005 370 3080 scriptura
391 3005 525 3080 ipsorum
548 3024 665 3082 quoque
688 3007 833 3066 memoria
855 2998 1003 3066 habetur.'

115 3234 225 3311 Leges
248 3235 372 3336 τον
395 3235 590 3296 seeundum
613 3240 827 3315 argumenta
849 3237 1053 3296 eollooatae
1076 3238 1125 3297 vel

456 3324 510 3382 'us
539 3325 782 3402 Papirianum.

201 3449 218 3506 r
510 3450 556 3526 ⁴1,
573 3453 591 3510 5
610 3447 867 3522 commentarium,
886 3465 975 3522 quem
994 3446 1124 3508 Granius

116 3534 222 3598 Flaoou
550 3558 565 3597 o
589 3539 717 3615 scripsit,
741 3530 799 3596 ‘ius
818 3529 1026 3610 Papirianum'
1048 3555 1124 3597 nun·

669 3672 716 3735 P
