2600 3908
335 202 357 248 7.
383 195 414 261 Q.
434 193 568 250 Muclus
587 195 616 250 Ρ.
632 197 662 250 F.
677 195 706 250 P.
720 194 754 248 N.
771 195 959 251 stantona
1107 197 1149 262 95

138 363 177 421 de
200 363 327 422 fratrum
353 364 501 423 consortio
524 362 580 423 hoc
603 364 668 423 loco
692 383 760 422 eum
779 367 942 442 tractasse,
967 365 1148 441 Pomponius

136 451 175 510 D.
197 455 247 528 29,
267 453 296 530 2,
317 454 357 512 78
380 452 501 511 indicat.

228 541 369 600 Fortasse
387 541 522 601 conicere
539 540 618 618 licet,
636 541 769 601 Mucium
786 542 843 601 hoc
861 543 926 601 loco
942 541 1034 600 etiam
1048 542 1084 601 de
1098 561 1148 618 po-

136 629 217 705 pulis
237 631 324 689 sociis
343 630 521 706 disputasse.
562 627 733 690 Ciceronem
753 633 833 690 certe
851 631 883 689 in
901 631 1018 708 legibus
1038 631 1149 692 civium

135 719 341 778 Romanorum
364 719 463 778 officia
485 719 564 777 circa
586 718 681 778 socios
705 738 764 778 non
786 720 949 794 praeterire
970 720 1099 780 vidimus
1117 723 1148 780 et

134 807 235 883 ipsum
252 808 387 867 Mucium
410 808 468 866 alio
492 808 558 867 loco
581 807 617 866 de
636 807 797 868 foederatis
815 809 935 884 populis
955 809 1051 885 egisse
1070 810 1146 869 veri-

137 896 234 956 simile
258 899 311 957 est.
358 896 393 956 cf.
417 897 498 956 infra
520 916 548 972 p.
571 899 620 956 96.
667 897 739 972 quid
762 897 788 956 si
810 897 943 956 Mucium
967 897 1056 974 cives,
1080 917 1147 956 oum

138 988 242 1044 contra
269 985 397 1046 foederis
423 985 623 1047 conditionem
644 985 762 1044 Latinis
785 987 833 1046 usi
856 990 969 1063 essent,
996 987 1147 1046 monuisse

138 1078 318 1152 statuamus
337 1078 441 1134 eontra
458 1077 598 1134 naturam
613 1075 765 1134 societatis
781 1094 854 1151 esse,
872 1077 909 1134 ut
922 1076 990 1151 quis
1004 1075 1147 1136 maiorem

136 1167 254 1239 partem
281 1164 428 1238 lucretur,
455 1164 600 1222 minorem
624 1164 724 1222 damni
746 1164 899 1239 praestet?
944 1168 1025 1223 certe
1047 1165 1147 1241 legem

135 1253 220 1311 illam
243 1253 390 1312 Liciniam
412 1252 543 1311 Muciam
566 1271 592 1312 a.
612 1245 727 1330 cesses
753 1253 855 1330 latam,
882 1273 958 1330 quae
980 1253 1105 1313 Latinos
1127 1273 1146 1312 a

137 1342 251 1400 civibus
270 1360 408 1418 separare
425 1341 521 1416 iussit,
541 1341 647 1400 melios
661 1341 851 1417 intelligitur,
871 1343 897 1400 si
909 1341 1044 1401 Mucium
1057 1342 1145 1402 sociis

137 1449 255 1508 quoque
279 1421 367 1489 suum
388 1430 482 1489 tribui
506 1429 569 1488 sine
588 1429 692 1488 fraude
712 1430 818 1488 debere
837 1430 982 1490 sumimus
1000 1431 1145 1490 docuisse.

225 1531 266 1596 1?
285 1532 323 1596 D.
338 1532 390 1613 29,
405 1533 435 1615 2,
451 1532 502 1596 78.
529 1529 619 1594 Idem
634 1527 845 1616 (Pomponius
874 1531 958 1596 libro
972 1533 1142 1616 trigesimo

138 1621 250 1705 quinto
283 1620 322 1684 ad
356 1619 512 1697 Quintum
539 1618 682 1683 Mucium
710 1617 759 1704 (P.
783 1621 873 1684 315.
924 1620 995 1684 Duo
1028 1620 1145 1685 fratres

137 1709 274 1791 fuerant,
297 1711 383 1773 bona
406 1708 589 1774 communia
611 1709 804 1792 habuerunt3
828 1731 939 1772 eorum
962 1709 1044 1772 alter
1064 1709 1146 1772 inte·

138 1802 224 1863 stato
257 1803 404 1862 mortuus
437 1819 529 1862 suum
557 1797 708 1862 heredem
735 1819 801 1861 non
828 1797 1014 1882 reliquerat3
1046 1797 1146 1860 frater

138 1887 193 1971 qui
218 1891 384 1971 supererat
406 1887 539 1952 nolebat
561 1887 590 1950 ei
612 1886 706 1952 heres
728 1908 806 1951 esse.
847 1886 1045 1966 consulebat,
1067 1909 1145 1950 num

138 1975 180 2040 ob
218 1997 290 2040 eam
326 1997 408 2057 rem,
444 1975 529 2059 quod
562 1975 800 2059 communibus,
837 1997 910 2041 oum
943 1975 1040 2040 sciret
1071 1997 1144 2040 eum

138 2068 302 2128 mortuum
335 2086 418 2147 esse,
455 2086 531 2128 usus
564 2069 662 2148 esset,
697 2063 870 2128 hereditati
902 2085 936 2128 se
969 2065 1145 2148 alligasset.

137 2153 318 2236 respondit,
345 2154 409 2218 nisi
437 2175 474 2217 eo
499 2154 634 2218 oonsilio
657 2175 734 2218 usus
759 2157 856 2232 esset,
883 2154 968 2237 quod
991 2153 1088 2219 vellet
1111 2175 1144 2217 se

136 2241 286 2306 heredem
310 2264 394 2326 esse,
416 2263 482 2306 non
506 2239 694 2325 adstringi.¹

224 2345 315 2404 Mucii
342 2363 517 2421 responsum
541 2364 605 2404 esse
630 2349 701 2404 sunt
724 2345 775 2423 qui
798 2348 916 2421 putent3
945 2345 1025 2422 quod
1047 2365 1144 2422 neque

136 2433 270 2494 continui
299 2452 395 2512 neque
422 2433 565 2511 redargui
591 2437 698 2510 potest.
750 2435 929 2493 conferenda
956 2437 1027 2493 sunt
1053 2434 1145 2494 verba

135 2542 211 2600 quae
234 2523 315 2600 apud
334 2522 507 2582 Ciceronem
530 2522 566 2581 de
588 2523 646 2598 leg.
667 2525 696 2599 2,
712 2525 762 2598 19,
776 2525 818 2581 47
842 2524 984 2600 leguntur
1008 2516 1071 2598 ‘qui
1095 2524 1144 2581 ed-

135 2612 323 2691 stringantur
345 2606 448 2672 sacris'
471 2616 501 2670 ot
519 2610 589 2670 ibid.
609 2615 637 2688 2,
653 2613 704 2688 20,
720 2613 761 2672 50
781 2604 884 2670 ‘saeris
902 2631 940 2670 ne
959 2605 1143 2686 alligentur'.

224 2716 271 2778 2³.
295 2714 333 2779 D.
349 2715 399 2792 17,
418 2714 448 2799 2,
467 2713 519 2778 30.
560 2712 680 2778 Paulus
702 2712 787 2777 libro
812 2715 902 2777 sexto
926 2712 966 2775 ad
990 2709 1143 2776 Sabinum
1188 2774 1190 2782 ,

137 2801 186 2885 (Ρ.
212 2799 322 2890 1732).
371 2801 496 2868 Mucius
528 2801 612 2866 libro
644 2803 759 2887 quarto
787 2801 910 2866 decimo
939 2800 1052 2866 scribit
1078 2822 1144 2866 non

136 2913 231 2975 posse
259 2891 446 2956 societatem
475 2891 568 2976 coiri,
596 2895 633 2956 ut
660 2891 758 2955 aliam
786 2889 909 2975 damni,
937 2889 1034 2954 aliam
1061 2889 1142 2954 lucri

134 2985 262 3066 partem
286 2980 391 3045 socius
415 2981 506 3045 ferat.

224 3067 273 3135 2¹³.
303 3069 372 3134 Gai.
390 3067 448 3152 ΙΙΙ,
464 3070 536 3134 149.
577 3068 695 3154 Magna
715 3072 822 3133 autem
842 3068 987 3152 quaestio
1006 3067 1077 3152 fuit,
1101 3090 1142 3132 an

134 3159 182 3223 ita
219 3159 299 3224 coiri
331 3158 436 3241 possit
468 3160 621 3240 societas,
657 3164 694 3222 ut
726 3157 797 3243 quis
830 3157 985 3222 maiorem
1018 3162 1142 3239 partem

135 3248 293 3331 lucretur,
323 3247 481 3310 minorem
509 3248 617 3311 damni
644 3251 795 3330 praestet.
842 3247 926 3330 quod
955 3245 992 3321 Q.
1018 3246 1142 3310 Mucius

135 3337 269 3420 <contra
292 3339 440 3400 naturam
466 3337 627 3401 societatis
652 3358 721 3400 esse
746 3334 974 3418 existimavit).

208 3509 222 3557 1
242 3501 389 3573 Sequentia
407 3503 487 3556 uerbo
508 3500 615 3571 ‘itaque
634 3517 731 3555 cavere
749 3500 841 3567 debet,
860 3517 895 3554 ne
915 3515 970 3567 qua
987 3497 1017 3552 in
1036 3515 1065 3552 re
1079 3498 1141 3566 plus

134 3591 185 3629 sue
203 3575 283 3643 parte
302 3573 522 3628 dominationem
539 3572 739 3642 interponeret’
761 3577 852 3641 operte
869 3571 1016 3639 Pomponii
1033 3575 1104 3624 suut.
