2598 3910
173 163 237 227 298
264 163 337 220 VIII.
353 162 486 218 OCTAVI
501 162 598 218 SADO.
609 161 705 218 Iulus
720 160 1184 218 101111111111111111111

459 331 502 386 De
518 331 653 400 mancipii
670 332 779 400 optione
797 331 894 400 tepula.

262 432 312 497 19.
340 432 378 497 D.
398 431 454 516 35,
474 432 582 514 1,28,
602 433 630 496 1.
662 429 783 495 Paulus
805 431 889 496 libro
913 431 1052 496 seeundo
1076 432 1182 516 epito-

172 526 334 587 matorum
362 520 470 585 Alfeni
498 519 705 604 Digestorum
733 516 782 604 (P.
801 520 858 603 36,
878 517 919 606 1).
970 519 1012 584 ‘A
1027 520 1074 585 tia
1097 543 1184 586 uxor

172 633 245 674 mea
271 613 384 694 optato
416 608 642 692 Philargyrum
673 629 807 691 puerum
841 612 897 672 out
923 608 1089 694 Agatbam
1123 632 1183 674 an·
1211 637 1214 644 ’

172 700 290 782 eillam,
309 698 363 782 qui
381 698 445 762 mei
463 702 557 761 erunt
574 718 647 761 oum
663 696 803 762 moriar'.
834 697 862 762 is
878 697 933 780 qui
946 701 1182 764 testamentum

172 787 249 852 fecit
267 787 445 874 Agatham,
469 808 566 869 quam
588 788 775 850 testamenti
795 789 941 868 tempore
959 786 1082 864 habuit,
1105 809 1180 853 ven·

173 877 255 940 didit
273 882 305 939 et
318 879 432 959 postea
451 875 586 939 ancillas
601 873 687 958 emit,
706 895 744 938 ex
758 873 809 938 his
823 874 879 938 uni
893 873 1044 958 Agathae
1058 897 1181 940 nomen

171 965 334 1049 imposuit
384 963 564 1046 quaesitum
596 967 658 1046 111,
691 984 733 1027 11
762 962 842 1028 haee
867 961 979 1046 legata
1006 963 1181 1030 videretur.

172 1052 338 1136 respondit
359 1052 501 1137 legatam
523 1051 634 1116 videri.

260 1165 295 1222 of.
320 1163 415 1223 Servii
438 1181 581 1239 responsa
604 1165 655 1220 41.

527 1323 570 1378 De
585 1323 706 1391 pecunia
724 1322 821 1391 legata.
874 1337 876 1342 ’

179 1467 183 1488 .
260 1424 312 1488 20.
336 1423 374 1488 D.
389 1423 440 1507 35,
457 1426 485 1505 1,
498 1423 551 1488 28.
574 1422 694 1488 Ρ11111
712 1421 796 1487 libro
811 1423 949 1488 seeundo
963 1423 1181 1508 epitomarum
1290 1417 1292 1494 l

173 1512 282 1576 Alfeni
296 1512 503 1598 Digestorum
520 1511 568 1598 (P.
583 1509 648 1596 36).
671 1509 773 1575 Filiae
793 1533 868 1576 snae
886 1511 933 1577 ita
951 1512 1024 1597 quis
1040 1512 1180 1598 legavit:

172 1601 212 1666 ‘si
239 1601 332 1666 Attia
358 1601 426 1666 filia
454 1623 525 1665 mea
553 1601 712 1665 arbitratu
739 1597 831 1666 Lucii
859 1598 939 1686 Titii
960 1604 1122 1686 nupserit,
1150 1605 1182 1669 ei
1292 1653 1293 1656 ,

172 1694 222 1754 tot
249 1690 342 1755 heres
370 1712 460 1756 meus
486 1688 582 1756 dato'.
627 1689 714 1753 Titio
737 1692 812 1753 ante
834 1691 1025 1754 testatorem
1049 1694 1180 1758 mortuo
1292 1705 1293 1708 ’

172 1779 266 1844 Attia
283 1783 446 1864 nupserat.
488 1778 711 1864 quaerebatur,
729 1799 771 1841 an
790 1778 932 1863 legatum
951 1778 980 1842 ei
999 1777 1181 1847 deberetur.

171 1869 335 1954 respondit
357 1867 473 1934 deberi.

259 1980 297 2039 ef.
319 1978 414 2040 Servii
436 1997 578 2054 responsa
603 1981 653 2038 12.

259 2088 311 2154 21.
334 2087 372 2151 D.
387 2089 439 2169 32,
453 2088 505 2168 29,
519 2089 548 2152 2.
576 2086 684 2152 Labeo
704 2087 787 2152 libro
807 2081 944 2154 seeundo
959 2090 1179 2171 posteriorum
1255 2095 1258 2100 '

162 2199 190 2240 a
213 2176 370 2241 Javoleno
394 2175 643 2259 epitomatorum
666 2171 714 2261 (P.
735 2173 822 2264 171).
858 2175 939 2242 Cum
962 2177 1008 2242 ita
1031 2178 1178 2264 legatum
1293 2197 1294 2252 ξ

171 2268 270 2328 esset:
294 2263 425 2347 ‘quanta
447 2263 581 2348 pecunia
604 2285 643 2328 ex
665 2261 843 2330 hereditate
866 2265 944 2330 Titii
968 2265 1008 2330 ad
1032 2289 1084 2332 me
1107 2289 1180 2354 per·

94 2397 96 2402 ,
170 2353 273 2431 venit,
303 2356 431 2417 tantam
462 2353 630 2436 pecuniam
658 2353 751 2418 heres
779 2375 868 2418 meus
897 2351 988 2419 Seiae
1015 2355 1115 2441 dato',
1145 2357 1179 2422 id

170 2442 313 2526 legatum
341 2444 436 2525 putat
457 2439 580 2523 Labeo,
607 2441 692 2526 quod
718 2445 884 2526 aooeptum
906 2442 941 2506 in
964 2443 1086 2509 tabulis
1111 2447 1179 2511 suis

171 2551 209 2594 ex
242 2551 279 2594 ea
310 2529 490 2595 hereditate
517 2533 656 2595 testator
684 2531 875 2615 rettulisset,
906 2535 1047 2596 ceterum
1077 2538 1179 2619 negat

171 2619 347 2684 cavendum
369 2619 481 2686 heredi
504 2642 523 2684 a
541 2619 709 2705 legatario,
732 2619 760 2684 si
778 2619 854 2704 quid
872 2619 957 2684 forte
974 2625 1090 2704 postea
1108 2625 1176 2688 eius

169 2707 360 2774 hereditatis
383 2709 513 2772 nomine
535 2708 628 2772 beree
651 2709 820 2772 damnatus
844 2712 937 2772 esset.
977 2729 1037 2793 ego
1062 2716 1176 2776 contra

169 2802 262 2880 puto,
290 2798 365 2880 quia
392 2819 458 2862 non
485 2800 594 2880 potest
622 2797 722 2861 videri
744 2797 928 2880 pervenisse
952 2797 991 2862 ad
1015 2798 1174 2883 heredem,

171 2885 255 2966 quod
280 2886 347 2949 eius
369 2884 557 2949 hereditatis
575 2885 704 2949 nomine
722 2889 946 2969 praestaturus
966 2889 1064 2971 esset3
1087 2888 1172 2953 idem

170 2972 305 3035 Alfenus
328 2971 435 3036 Varus
459 2971 570 3036 Servio
595 2972 755 3055 placuisse
779 2973 901 3040 scribit

258 3082 295 3142 ef.
319 3081 416 3142 Servii
437 3099 579 3160 responsa
602 3084 654 3142 46.

257 3193 309 3258 22.
337 3191 376 3255 Ι).
390 3191 443 3276 30,
459 3191 531 3258 106.
563 3191 698 3256 Alfenus
717 3191 823 3257 Varus
846 3193 930 3258 libro
955 3179 1095 3262 seeundo
1118 3196 1175 3263 Di·

170 3285 334 3366 gestorum
357 3304 376 3346 a
398 3279 499 3346 Paulo
522 3281 770 3366 epitomatorirm
794 3278 843 3369 (P.
857 3279 924 3369 37).
961 3280 996 3348 Si
1018 3284 1052 3349 in
1075 3290 1175 3351 testa·

59 3375 60 3380 ’
169 3375 278 3435 mento
311 3371 466 3453 seriptum
494 3375 591 3434 esset:
624 3368 728 3434 ‘heres
756 3393 845 3435 meus
873 3370 1022 3436 eentum²
1049 3372 1174 3440 Licinio

258 3531 272 3577 1
295 3525 481 3580 Tritonianua
499 3542 597 3580 aureos
615 3527 734 3580 eentum.
