2598 3910
436 200 458 245 1.
482 190 510 246 P.
526 190 691 246 ALFENUS
710 190 832 246 VARUS
1072 193 1136 256 321

126 355 248 438 pignus
273 357 451 437 acceperat,
481 376 500 418 a
526 374 617 418 servo
641 353 671 417 ei
695 354 802 418 soluta
825 357 924 437 esset,
951 376 1017 418 non
1044 377 1138 435 posse

127 445 168 508 ab
194 465 232 508 eo
255 445 366 526 repeti.

217 564 252 622 of.
279 562 375 623 Servii
398 581 542 638 responsa
567 564 638 622 134.

458 795 505 851 Dc
527 795 620 852 iudice
643 797 668 851 et
691 794 807 853 arbitro.

216 920 267 986 95.
296 920 335 984 D.
354 921 383 1004 5,
405 923 431 1000 l,
452 921 503 984 76.
540 920 675 985 Alfenus
699 921 782 986 libro
808 927 898 987 sexto
923 921 1133 1006 Digestorum

125 1009 176 1097 (P.
196 1007 263 1096 23).
314 1009 559 1094 Proponebatur
586 1031 625 1073 ex
646 1009 699 1073 his
722 1009 894 1092 iudicibus,
925 1012 1036 1095 quiin
1060 1033 1134 1076 ean-

126 1101 199 1164 dem
218 1121 286 1162 rem
305 1098 373 1163 dati
392 1103 510 1182 essent,
527 1099 701 1162 nonnullos
722 1120 819 1164 causa
838 1099 948 1164 audita
965 1104 1134 1166 excusatos

125 1210 197 1253 esse
219 1186 317 1271 inque
340 1209 450 1252 eorum
473 1187 578 1251 locum
602 1187 685 1252 alios
709 1208 779 1251 esse
804 1192 959 1272 sumptos,
983 1194 1016 1252 et
1039 1212 1134 1274 quae-

124 1278 271 1361 rebatur,
295 1276 496 1360 singulorum
519 1275 660 1341 iudicum
683 1277 821 1341 mutatio
845 1277 977 1341 eandem
1001 1299 1069 1342 rem
1093 1301 1135 1343 an

124 1366 213 1430 aliud
240 1364 392 1429 iudicium
419 1364 556 1428 fecisset.
601 1364 765 1448 respondi,
792 1387 858 1430 non
881 1366 977 1430 modo
1001 1367 1029 1430 si
1052 1389 1133 1432 unus

124 1459 182 1520 aut
201 1454 293 1536 alter,
312 1453 367 1517 sed
386 1458 419 1517 et
439 1453 467 1517 si
486 1474 596 1518 omnes
616 1453 736 1517 iudices
755 1453 872 1518 mutati
892 1459 1009 1534 esseut,
1024 1461 1134 1520 tamen

124 1549 158 1608 et
185 1565 254 1607 rem
283 1542 415 1606 eandem
444 1547 477 1606 et
503 1541 656 1606 iudicium
681 1542 766 1605 idem
789 1543 874 1626 quod
899 1548 994 1608 antea
1017 1544 1133 1610 fuisset

122 1651 326 1717 permanere,
353 1652 457 1715 neque
483 1630 518 1694 in
544 1631 606 1695 hoc
631 1630 735 1695 solum
759 1633 899 1714 evenire,
921 1635 959 1696 ut
982 1634 1130 1716 partibus

115 1720 330 1786 commutatis
358 1719 469 1784 eadem
496 1740 548 1783 res
577 1740 647 1782 esse
675 1719 924 1801 existimaretur,
954 1722 1010 1785 sed
1039 1728 1071 1786 et
1098 1725 1133 1787 in

123 1810 236 1874 multis
260 1808 375 1873 ceteris
398 1809 508 1872 rebus:
531 1829 607 1872 nam
627 1811 659 1872 et
677 1808 838 1892 legionem
858 1809 990 1873 eandem
1010 1810 1132 1896 haberi,

123 1920 162 1963 ex
186 1921 250 1984 qua
272 1897 368 1961 multi
391 1896 614 1982 decessissent,
637 1917 774 1980 quorum
797 1897 829 1960 in
853 1898 958 1962 locum
982 1898 1036 1962 alii
1058 1900 1131 1964 sub·

123 1989 200 2052 ieoti
224 1990 345 2065 essent,
374 1989 406 2050 et
432 1987 588 2070 populum
611 1985 746 2050 eundem
769 1985 831 2052 hoo
854 1989 999 2070 tempore
1022 1989 1131 2071 putari

124 2076 180 2160 qui
204 2075 321 2140 abhinc
344 2077 472 2139 centum
497 2074 589 2139 annis
612 2074 763 2158 fuissent,
791 2097 862 2140 oum
887 2097 925 2138 ex
948 2076 1020 2158 illis
1035 2099 1130 2142 nemo

121 2187 209 2230 nunc
235 2165 369 2249 viveret,
395 2165 537 2247 itemque
564 2185 693 2247 navem,
721 2165 749 2228 si
776 2164 856 2229 edeo
885 2186 980 2249 saepe
1009 2165 1131 2232 refecta

123 2258 224 2336 esset,
252 2256 288 2317 ut
314 2252 404 2316 nulla
431 2252 544 2316 tabula
574 2253 684 2317 eadem
718 2256 921 2337 permaneret
953 2275 1035 2338 quae
1065 2277 1131 2320 non

122 2364 207 2408 nova
230 2341 353 2423 fuisset,
375 2341 478 2406 nihilo
503 2342 607 2405 minus
632 2341 765 2406 eandem
791 2364 906 2407 navem
930 2364 999 2408 esse
1023 2345 1130 2409 existi-

123 2432 215 2496 mari.
250 2429 335 2514 quod
355 2431 383 2494 si
401 2431 473 2514 quis
492 2434 621 2513 putaret
638 2430 784 2514 partibus
805 2433 1011 2497 commutatis
1031 2433 1130 2498 aliam

122 2543 192 2584 rem
219 2519 302 2597 fieri,
330 2518 399 2584 fore
423 2520 460 2582 ut
483 2539 521 2582 ex
544 2518 612 2582 eius
636 2519 762 2583 ratione
784 2541 844 2584 nos
867 2519 930 2603 ipsi
954 2542 1020 2585 non
1044 2523 1130 2586 idem

122 2630 267 2674 essemus
295 2608 348 2692 qui
378 2607 496 2672 abhinc
519 2628 603 2671 auno
626 2606 814 2689 fuissemus,
841 2612 1012 2690 propterea
1036 2611 1131 2694 quod,

123 2702 161 2762 ut
188 2697 374 2782 philosophi
402 2696 556 2778 dicerent,
584 2717 622 2759 ex
651 2695 767 2779 quibus
795 2696 963 2779 particulis
987 2697 1129 2762 minimis

124 2786 386 2867 consisteremus,
412 2785 472 2848 hae
496 2783 626 2849 cottidie
650 2806 687 2847 ex
710 2787 822 2849 nostro
846 2806 978 2868 corpore
1002 2786 1131 2850 decede·

123 2879 198 2939 rent
226 2873 370 2959 aliaeque
393 2875 591 2938 extrinsecus
615 2874 649 2937 in
673 2895 782 2937 earum
806 2875 912 2938 locum
936 2874 1130 2940 accederent.

124 2968 322 3049 quapropter
349 2962 437 3026 cuius
465 2963 512 3026 rei
540 2961 662 3046 species
691 2962 802 3026 eadem
830 2963 1034 3047 consisteret,
1061 2985 1132 3029 rem

123 3074 250 3138 quoque
274 3051 407 3116 eandem
431 3073 501 3115 esse
524 3051 712 3116 existimari.

214 3159 266 3223 96.
292 3157 331 3222 Ι).
349 3159 406 3238 42,
427 3159 460 3240 l,
479 3158 529 3223 62.
565 3157 702 3223 Alfenus
725 3157 831 3222 Varus
854 3158 938 3223 libro
962 3163 1052 3224 sexto
1075 3157 1132 3223 Di-

124 3253 290 3333 gestorum
315 3269 334 3310 a
357 3246 457 3312 Paulo
482 3247 695 3331 epitomarum
718 3244 767 3334 (P.
785 3245 848 3333 72).
895 3245 976 3312 Cum
1000 3269 1130 3332 quaere-

123 3337 221 3401 batur
243 3336 347 3420 iudex,
371 3337 399 3399 si
421 3357 588 3419 perperam
611 3336 796 3417 iudicasset,
821 3357 863 3399 an
885 3339 995 3419 posset
1018 3335 1130 3401 eodem

124 3425 175 3490 die
198 3426 316 3490 iterum
340 3424 493 3509 iudicare,
517 3425 683 3509 respondit
704 3446 770 3488 non
793 3445 896 3508 posse.

213 3555 250 3614 cf.
274 3553 370 3614 Servii
391 3572 534 3630 response
559 3556 630 3614 142.

177 3663 274 3712 Iurispr.
288 3663 405 3706 anteusus.
419 3663 469 3704 rell.
483 3663 518 3704 od.
532 3663 632 3704 Brcmsr.
885 3657 917 3704 21
