<?xml version="1.0" encoding="UTF-8"?>
<!DOCTYPE html PUBLIC "-//W3C//DTD XHTML 1.0 Transitional//EN"
    "http://www.w3.org/TR/xhtml1/DTD/xhtml1-transitional.dtd">
<html xmlns="http://www.w3.org/1999/xhtml" xml:lang="en" lang="en">
 <head>
  <title>
</title>
<meta http-equiv="Content-Type" content="text/html;charset=utf-8" />
  <meta name='ocr-system' content='tesseract 3.04.00' />
  <meta name='ocr-capabilities' content='ocr_page ocr_carea ocr_par ocr_line ocrx_word'/>
</head>
<body>
  <div class='ocr_page' id='page_1' title='image "./iurisprudentiae05bremgoog_0195.png"; bbox 0 0 2588 3908; ppageno 0'>
   <div class='ocr_carea' id='block_1_1' title="bbox 341 150 1114 218">
    <p class='ocr_par' dir='ltr' id='par_1_1' title="bbox 341 150 1114 218">
     <span class='ocr_line' id='line_1_1' title="bbox 341 150 1114 218; baseline -0.005 -12"><span class='ocrx_word' id='word_1_1' title='bbox 341 157 365 208; x_wconf 90' lang='lat'><strong>8.</strong></span> <span class='ocrx_word' id='word_1_2' title='bbox 392 150 542 206; x_wconf 81' lang='lat' dir='ltr'><strong>SERVIUS</strong></span> <span class='ocrx_word' id='word_1_3' title='bbox 561 150 744 206; x_wconf 75' lang='lat' dir='ltr'>SULPICIUS</span> <span class='ocrx_word' id='word_1_4' title='bbox 763 152 880 208; x_wconf 81' lang='lat' dir='ltr'>RUFUS</span> <span class='ocrx_word' id='word_1_5' title='bbox 1052 153 1114 218; x_wconf 81' lang='lat'><strong>185</strong></span> 
     </span>
    </p>
   </div>
   <div class='ocr_carea' id='block_1_2' title="bbox 372 321 854 380">
    <p class='ocr_par' dir='ltr' id='par_1_2' title="bbox 372 321 854 380">
     <span class='ocr_line' id='line_1_2' title="bbox 372 321 854 380; baseline 0.002 -2"><span class='ocrx_word' id='word_1_6' title='bbox 372 321 420 379; x_wconf 88' lang='lat' dir='ltr'><strong>Dc</strong></span> <span class='ocrx_word' id='word_1_7' title='bbox 442 322 569 380; x_wconf 81' lang='lat' dir='ltr'><strong>libertate</strong></span> <span class='ocrx_word' id='word_1_8' title='bbox 590 324 754 380; x_wconf 80' lang='lat' dir='ltr'><strong>testamento</strong></span> <span class='ocrx_word' id='word_1_9' title='bbox 776 323 854 380; x_wconf 81' lang='lat' dir='ltr'><strong>datu.</strong></span> 
     </span>
    </p>
   </div>
   <div class='ocr_carea' id='block_1_3' title="bbox 107 429 1117 868">
    <p class='ocr_par' dir='ltr' id='par_1_3' title="bbox 107 429 1117 868">
     <span class='ocr_line' id='line_1_3' title="bbox 198 429 1116 516; baseline 0.001 -21"><span class='ocrx_word' id='word_1_10' title='bbox 198 429 249 495; x_wconf 81' lang='lat'><strong>55.</strong></span> <span class='ocrx_word' id='word_1_11' title='bbox 279 429 318 494; x_wconf 90' lang='lat' dir='ltr'><strong>D.</strong></span> <span class='ocrx_word' id='word_1_12' title='bbox 332 431 384 513; x_wconf 85' lang='lat'><strong>40,</strong></span> <span class='ocrx_word' id='word_1_13' title='bbox 399 431 431 514; x_wconf 85' lang='lat'><strong>4,</strong></span> <span class='ocrx_word' id='word_1_14' title='bbox 444 429 495 495; x_wconf 84' lang='lat'><strong>35.</strong></span> <span class='ocrx_word' id='word_1_15' title='bbox 527 429 646 494; x_wconf 88' lang='lat' dir='ltr'><strong>Paulus</strong></span> <span class='ocrx_word' id='word_1_16' title='bbox 665 429 750 495; x_wconf 91' lang='lat' dir='ltr'><strong>libro</strong></span> <span class='ocrx_word' id='word_1_17' title='bbox 770 431 1057 516; x_wconf 84' lang='lat' dir='ltr'>quinquagensimo</span> <span class='ocrx_word' id='word_1_18' title='bbox 1076 432 1116 496; x_wconf 91' lang='lat' dir='ltr'><strong>ad</strong></span> 
     </span>
     <span class='ocr_line' id='line_1_4' title="bbox 109 515 1117 605; baseline 0 -21"><span class='ocrx_word' id='word_1_19' title='bbox 109 519 251 584; x_wconf 88' lang='lat' dir='ltr'><strong>edictum</strong></span> <span class='ocrx_word' id='word_1_20' title='bbox 271 515 321 605; x_wconf 84' lang='lat' dir='ltr'><strong>(P.</strong></span> <span class='ocrx_word' id='word_1_21' title='bbox 336 516 425 604; x_wconf 87' lang='grc'><strong>641).</strong></span> <span class='ocrx_word' id='word_1_22' title='bbox 463 518 592 584; x_wconf 82' lang='lat' dir='ltr'><strong>Servius</strong></span> <span class='ocrx_word' id='word_1_23' title='bbox 616 519 824 583; x_wconf 85' lang='lat' dir='ltr'><strong>existimabat</strong></span> <span class='ocrx_word' id='word_1_24' title='bbox 841 520 881 582; x_wconf 89' lang='lat' dir='ltr'><strong>iis</strong></span> <span class='ocrx_word' id='word_1_25' title='bbox 900 540 995 602; x_wconf 89' lang='lat' dir='ltr'><strong>posse</strong></span> <span class='ocrx_word' id='word_1_26' title='bbox 1016 521 1117 585; x_wconf 86' lang='lat' dir='ltr'><strong>servis</strong></span> 
     </span>
     <span class='ocr_line' id='line_1_5' title="bbox 108 607 1117 692; baseline 0.001 -20"><span class='ocrx_word' id='word_1_27' title='bbox 108 608 179 672; x_wconf 89' lang='lat' dir='ltr'><strong>dari</strong></span> <span class='ocrx_word' id='word_1_28' title='bbox 203 612 400 672; x_wconf 82' lang='lat' dir='ltr'><strong>testamento</strong></span> <span class='ocrx_word' id='word_1_29' title='bbox 419 608 573 672; x_wconf 76' lang='lat' dir='ltr'><strong>directam</strong></span> <span class='ocrx_word' id='word_1_30' title='bbox 592 607 786 692; x_wconf 87' lang='lat' dir='ltr'><strong>libertatem,</strong></span> <span class='ocrx_word' id='word_1_31' title='bbox 810 609 864 692; x_wconf 92' lang='lat' dir='ltr'><strong>qui</strong></span> <span class='ocrx_word' id='word_1_32' title='bbox 883 613 1020 692; x_wconf 86' lang='lat' dir='ltr'><strong>utroque</strong></span> <span class='ocrx_word' id='word_1_33' title='bbox 1038 613 1117 673; x_wconf 90' lang='lat' dir='ltr'><strong>tem-</strong></span> 
     </span>
     <span class='ocr_line' id='line_1_6' title="bbox 107 697 1117 782; baseline 0.001 -21"><span class='ocrx_word' id='word_1_34' title='bbox 107 717 197 780; x_wconf 88' lang='lat' dir='ltr'><strong>pore,</strong></span> <span class='ocrx_word' id='word_1_35' title='bbox 217 701 249 760; x_wconf 89' lang='lat' dir='ltr'><strong>et</strong></span> <span class='ocrx_word' id='word_1_36' title='bbox 268 718 331 782; x_wconf 91' lang='lat' dir='ltr'><strong>quo</strong></span> <span class='ocrx_word' id='word_1_37' title='bbox 350 700 580 761; x_wconf 88' lang='lat' dir='ltr'><strong>testamentum</strong></span> <span class='ocrx_word' id='word_1_38' title='bbox 599 697 638 760; x_wconf 91' lang='lat' dir='ltr'><strong>fit</strong></span> <span class='ocrx_word' id='word_1_39' title='bbox 656 700 689 760; x_wconf 90' lang='lat' dir='ltr'><strong>et</strong></span> <span class='ocrx_word' id='word_1_40' title='bbox 708 719 770 780; x_wconf 93' lang='lat' dir='ltr'><strong>quo</strong></span> <span class='ocrx_word' id='word_1_41' title='bbox 789 697 933 780; x_wconf 89' lang='lat' dir='ltr'><strong>moritur,</strong></span> <span class='ocrx_word' id='word_1_42' title='bbox 951 697 1117 762; x_wconf 86' lang='lat' dir='ltr'><strong>testatoris</strong></span> 
     </span>
     <span class='ocr_line' id='line_1_7' title="bbox 107 784 642 868; baseline -0.004 -18"><span class='ocrx_word' id='word_1_43' title='bbox 107 785 167 868; x_wconf 85' lang='lat' dir='ltr'><strong>&lt;ex</strong></span> <span class='ocrx_word' id='word_1_44' title='bbox 191 785 261 850; x_wconf 88' lang='lat' dir='ltr'><strong>iure</strong></span> <span class='ocrx_word' id='word_1_45' title='bbox 285 784 480 868; x_wconf 79' lang='lat' dir='ltr'><strong>Quiritium&gt;</strong></span> <span class='ocrx_word' id='word_1_46' title='bbox 502 785 642 849; x_wconf 83' lang='lat' dir='ltr'><strong>fuerunt.</strong></span> 
     </span>
    </p>
   </div>
   <div class='ocr_carea' id='block_1_4' title="bbox 107 887 1118 1231">
    <p class='ocr_par' dir='ltr' id='par_1_4' title="bbox 107 887 1118 1231">
     <span class='ocr_line' id='line_1_8' title="bbox 198 887 1117 963; baseline 0.001 -16"><span class='ocrx_word' id='word_1_47' title='bbox 198 888 234 948; x_wconf 87' lang='lat' dir='ltr'><strong>of.</strong></span> <span class='ocrx_word' id='word_1_48' title='bbox 260 887 324 947; x_wconf 80' lang='lat' dir='ltr'><strong>Gai.</strong></span> <span class='ocrx_word' id='word_1_49' title='bbox 345 891 378 963; x_wconf 76' lang='lat'><strong>2,</strong></span> <span class='ocrx_word' id='word_1_50' title='bbox 402 889 464 947; x_wconf 78' lang='grc'><strong>267</strong></span> <span class='ocrx_word' id='word_1_51' title='bbox 495 935 523 947; x_wconf 94' lang='grc'><strong>..</strong></span> <span class='ocrx_word' id='word_1_52' title='bbox 546 907 601 946; x_wconf 90' lang='grc'><strong>000</strong></span> <span class='ocrx_word' id='word_1_53' title='bbox 625 888 702 947; x_wconf 88' lang='lat' dir='ltr'><strong>alius</strong></span> <span class='ocrx_word' id='word_1_54' title='bbox 725 889 807 947; x_wconf 90' lang='lat' dir='ltr'><strong>ullus</strong></span> <span class='ocrx_word' id='word_1_55' title='bbox 831 889 944 948; x_wconf 87' lang='lat' dir='ltr'><strong>directo</strong></span> <span class='ocrx_word' id='word_1_56' title='bbox 968 907 1003 947; x_wconf 82' lang='lat' dir='ltr'><strong>ex</strong></span> <span class='ocrx_word' id='word_1_57' title='bbox 1025 892 1117 948; x_wconf 86' lang='lat' dir='ltr'><strong>testa·</strong></span> 
     </span>
     <span class='ocr_line' id='line_1_9' title="bbox 108 976 1115 1054; baseline 0 -18"><span class='ocrx_word' id='word_1_58' title='bbox 108 979 211 1037; x_wconf 90' lang='lat' dir='ltr'><strong>mento</strong></span> <span class='ocrx_word' id='word_1_59' title='bbox 235 976 408 1036; x_wconf 88' lang='lat' dir='ltr'><strong>libertatem</strong></span> <span class='ocrx_word' id='word_1_60' title='bbox 430 977 539 1036; x_wconf 88' lang='lat' dir='ltr'><strong>habere</strong></span> <span class='ocrx_word' id='word_1_61' title='bbox 562 979 675 1054; x_wconf 87' lang='lat' dir='ltr'><strong>potest,</strong></span> <span class='ocrx_word' id='word_1_62' title='bbox 702 997 792 1053; x_wconf 86' lang='lat' dir='ltr'><strong>quarn</strong></span> <span class='ocrx_word' id='word_1_63' title='bbox 815 978 868 1054; x_wconf 90' lang='lat' dir='ltr'><strong>qui</strong></span> <span class='ocrx_word' id='word_1_64' title='bbox 890 981 1018 1054; x_wconf 88' lang='lat' dir='ltr'><strong>utroque</strong></span> <span class='ocrx_word' id='word_1_65' title='bbox 1041 981 1115 1036; x_wconf 90' lang='lat' dir='ltr'><strong>tem-</strong></span> 
     </span>
     <span class='ocr_line' id='line_1_10' title="bbox 107 1065 1118 1145; baseline 0.002 -21"><span class='ocrx_word' id='word_1_66' title='bbox 107 1083 181 1142; x_wconf 91' lang='lat' dir='ltr'><strong>pore</strong></span> <span class='ocrx_word' id='word_1_67' title='bbox 209 1065 364 1125; x_wconf 85' lang='lat' dir='ltr'><strong>testatoris</strong></span> <span class='ocrx_word' id='word_1_68' title='bbox 393 1085 428 1124; x_wconf 86' lang='lat' dir='ltr'><strong>ex</strong></span> <span class='ocrx_word' id='word_1_69' title='bbox 455 1065 519 1124; x_wconf 87' lang='lat' dir='ltr'><strong>iure</strong></span> <span class='ocrx_word' id='word_1_70' title='bbox 544 1065 706 1135; x_wconf 75' lang='lat' dir='ltr'><strong>Quiritium</strong></span> <span class='ocrx_word' id='word_1_71' title='bbox 734 1066 839 1145; x_wconf 86' lang='lat' dir='ltr'><strong>fuerit,</strong></span> <span class='ocrx_word' id='word_1_72' title='bbox 871 1070 902 1126; x_wconf 90' lang='lat' dir='ltr'><strong>et</strong></span> <span class='ocrx_word' id='word_1_73' title='bbox 924 1086 982 1142; x_wconf 92' lang='lat' dir='ltr'><strong>quo</strong></span> <span class='ocrx_word' id='word_1_74' title='bbox 1006 1068 1118 1126; x_wconf 85' lang='lat' dir='ltr'><strong>faceret</strong></span> 
     </span>
     <span class='ocr_line' id='line_1_11' title="bbox 108 1156 658 1231; baseline -0.002 -17"><span class='ocrx_word' id='word_1_75' title='bbox 108 1157 326 1214; x_wconf 86' lang='lat' dir='ltr'><strong>testamentum</strong></span> <span class='ocrx_word' id='word_1_76' title='bbox 348 1157 379 1213; x_wconf 90' lang='lat' dir='ltr'><strong>et</strong></span> <span class='ocrx_word' id='word_1_77' title='bbox 402 1173 459 1231; x_wconf 93' lang='lat' dir='ltr'><strong>quo</strong></span> <span class='ocrx_word' id='word_1_78' title='bbox 483 1156 658 1214; x_wconf 86' lang='lat' dir='ltr'><strong>moreretur.</strong></span> 
     </span>
    </p>
   </div>
   <div class='ocr_carea' id='block_1_5' title="bbox 107 1255 1120 2138">
    <p class='ocr_par' dir='ltr' id='par_1_5' title="bbox 107 1255 1120 2138">
     <span class='ocr_line' id='line_1_12' title="bbox 198 1255 1117 1340; baseline 0.001 -20"><span class='ocrx_word' id='word_1_79' title='bbox 198 1255 251 1320; x_wconf 83' lang='lat'><strong>56.</strong></span> <span class='ocrx_word' id='word_1_80' title='bbox 283 1255 323 1319; x_wconf 91' lang='lat' dir='ltr'><strong>D.</strong></span> <span class='ocrx_word' id='word_1_81' title='bbox 345 1255 403 1332; x_wconf 91' lang='grc'><strong>40,</strong></span> <span class='ocrx_word' id='word_1_82' title='bbox 428 1257 457 1338; x_wconf 93' lang='grc'><strong>7,</strong></span> <span class='ocrx_word' id='word_1_83' title='bbox 483 1256 532 1320; x_wconf 90' lang='grc'><strong>14.</strong></span> <span class='ocrx_word' id='word_1_84' title='bbox 579 1256 713 1319; x_wconf 87' lang='lat' dir='ltr'><strong>Alfenus</strong></span> <span class='ocrx_word' id='word_1_85' title='bbox 746 1255 852 1320; x_wconf 82' lang='lat' dir='ltr'><strong>Varus</strong></span> <span class='ocrx_word' id='word_1_86' title='bbox 884 1257 968 1321; x_wconf 89' lang='lat' dir='ltr'><strong>libro</strong></span> <span class='ocrx_word' id='word_1_87' title='bbox 1002 1261 1117 1340; x_wconf 91' lang='lat' dir='ltr'><strong>quarto</strong></span> 
     </span>
     <span class='ocr_line' id='line_1_13' title="bbox 107 1342 1116 1428; baseline 0.002 -20"><span class='ocrx_word' id='word_1_88' title='bbox 107 1343 319 1428; x_wconf 80' lang='lat' dir='ltr'>Digestorum</span> <span class='ocrx_word' id='word_1_89' title='bbox 329 1342 378 1428; x_wconf 88' lang='lat' dir='ltr'><strong>(P.</strong></span> <span class='ocrx_word' id='word_1_90' title='bbox 390 1344 454 1425; x_wconf 89' lang='lat'>18).</span> <span class='ocrx_word' id='word_1_91' title='bbox 479 1342 605 1427; x_wconf 81' lang='lat' dir='ltr'><strong>Servus,</strong></span> <span class='ocrx_word' id='word_1_92' title='bbox 620 1343 675 1428; x_wconf 90' lang='lat' dir='ltr'><strong>qui</strong></span> <span class='ocrx_word' id='word_1_93' title='bbox 689 1346 884 1410; x_wconf 87' lang='lat' dir='ltr'><strong>testamento</strong></span> <span class='ocrx_word' id='word_1_94' title='bbox 900 1345 1031 1426; x_wconf 92' lang='lat' dir='ltr'><strong>domini,</strong></span> <span class='ocrx_word' id='word_1_95' title='bbox 1046 1367 1116 1410; x_wconf 90' lang='lat' dir='ltr'><strong>oum</strong></span> 
     </span>
     <span class='ocr_line' id='line_1_14' title="bbox 109 1432 1119 1518; baseline 0.002 -22"><span class='ocrx_word' id='word_1_96' title='bbox 109 1432 220 1498; x_wconf 87' lang='lat' dir='ltr'><strong>decem</strong></span> <span class='ocrx_word' id='word_1_97' title='bbox 247 1433 357 1498; x_wconf 87' lang='lat' dir='ltr'><strong>heredi</strong></span> <span class='ocrx_word' id='word_1_98' title='bbox 384 1432 538 1510; x_wconf 74' lang='lat' dir='ltr'><strong>dedisset,</strong></span> <span class='ocrx_word' id='word_1_99' title='bbox 565 1433 648 1496; x_wconf 91' lang='lat' dir='ltr'><strong>liber</strong></span> <span class='ocrx_word' id='word_1_100' title='bbox 676 1454 745 1496; x_wconf 90' lang='lat' dir='ltr'><strong>esse</strong></span> <span class='ocrx_word' id='word_1_101' title='bbox 768 1433 874 1497; x_wconf 90' lang='lat' dir='ltr'><strong>iussus</strong></span> <span class='ocrx_word' id='word_1_102' title='bbox 898 1438 981 1518; x_wconf 91' lang='lat' dir='ltr'><strong>erat,</strong></span> <span class='ocrx_word' id='word_1_103' title='bbox 1008 1434 1119 1499; x_wconf 88' lang='lat' dir='ltr'><strong>heredi</strong></span> 
     </span>
     <span class='ocr_line' id='line_1_15' title="bbox 108 1519 1118 1606; baseline 0 -20"><span class='ocrx_word' id='word_1_104' title='bbox 108 1521 289 1586; x_wconf 82' lang='lat' dir='ltr'><strong>mercedem</strong></span> <span class='ocrx_word' id='word_1_105' title='bbox 320 1520 440 1585; x_wconf 85' lang='lat' dir='ltr'><strong>referre</strong></span> <span class='ocrx_word' id='word_1_106' title='bbox 472 1543 531 1606; x_wconf 93' lang='lat' dir='ltr'><strong>pro</strong></span> <span class='ocrx_word' id='word_1_107' title='bbox 565 1519 671 1605; x_wconf 88' lang='lat' dir='ltr'><strong>operis</strong></span> <span class='ocrx_word' id='word_1_108' title='bbox 705 1521 771 1585; x_wconf 91' lang='lat' dir='ltr'><strong>suis</strong></span> <span class='ocrx_word' id='word_1_109' title='bbox 805 1522 944 1586; x_wconf 79' lang='lat' dir='ltr'><strong>solebat:</strong></span> <span class='ocrx_word' id='word_1_110' title='bbox 978 1545 1050 1586; x_wconf 91' lang='lat' dir='ltr'><strong>oum</strong></span> <span class='ocrx_word' id='word_1_111' title='bbox 1081 1545 1118 1587; x_wconf 85' lang='lat' dir='ltr'><strong>ex</strong></span> 
     </span>
     <span class='ocr_line' id='line_1_16' title="bbox 108 1609 1119 1694; baseline 0.002 -20"><span class='ocrx_word' id='word_1_112' title='bbox 108 1610 256 1675; x_wconf 78' lang='lat' dir='ltr'><strong>mercede</strong></span> <span class='ocrx_word' id='word_1_113' title='bbox 269 1609 362 1674; x_wconf 89' lang='lat' dir='ltr'><strong>heres</strong></span> <span class='ocrx_word' id='word_1_114' title='bbox 377 1609 516 1694; x_wconf 88' lang='lat' dir='ltr'><strong>amplius</strong></span> <span class='ocrx_word' id='word_1_115' title='bbox 531 1609 640 1674; x_wconf 88' lang='lat' dir='ltr'><strong>decem</strong></span> <span class='ocrx_word' id='word_1_116' title='bbox 654 1611 838 1693; x_wconf 86' lang='lat' dir='ltr'><strong>recepisset,</strong></span> <span class='ocrx_word' id='word_1_117' title='bbox 857 1632 966 1674; x_wconf 87' lang='lat' dir='ltr'><strong>servus</strong></span> <span class='ocrx_word' id='word_1_118' title='bbox 982 1611 1119 1676; x_wconf 87' lang='lat' dir='ltr'><strong>liberum</strong></span> 
     </span>
     <span class='ocr_line' id='line_1_17' title="bbox 108 1698 1120 1784; baseline 0.002 -22"><span class='ocrx_word' id='word_1_119' title='bbox 108 1698 189 1782; x_wconf 84' lang='lat' dir='ltr'><strong>&lt;se&gt;</strong></span> <span class='ocrx_word' id='word_1_120' title='bbox 220 1720 290 1764; x_wconf 90' lang='lat' dir='ltr'><strong>esse</strong></span> <span class='ocrx_word' id='word_1_121' title='bbox 322 1699 443 1763; x_wconf 85' lang='lat' dir='ltr'><strong>aiebat:</strong></span> <span class='ocrx_word' id='word_1_122' title='bbox 475 1699 514 1762; x_wconf 92' lang='lat' dir='ltr'><strong>de</strong></span> <span class='ocrx_word' id='word_1_123' title='bbox 542 1721 580 1763; x_wconf 92' lang='lat' dir='ltr'><strong>ea</strong></span> <span class='ocrx_word' id='word_1_124' title='bbox 606 1720 641 1762; x_wconf 87' lang='lat' dir='ltr'><strong>re</strong></span> <span class='ocrx_word' id='word_1_125' title='bbox 669 1699 902 1762; x_wconf 80' lang='lat' dir='ltr'><strong>consulebatur.</strong></span> <span class='ocrx_word' id='word_1_126' title='bbox 953 1701 1120 1784; x_wconf 91' lang='lat' dir='ltr'><strong>respondit</strong></span> 
     </span>
     <span class='ocr_line' id='line_1_18' title="bbox 108 1787 1119 1873; baseline 0 -21"><span class='ocrx_word' id='word_1_127' title='bbox 108 1809 177 1852; x_wconf 90' lang='lat' dir='ltr'><strong>non</strong></span> <span class='ocrx_word' id='word_1_128' title='bbox 199 1787 300 1852; x_wconf 88' lang='lat' dir='ltr'><strong>rideri</strong></span> <span class='ocrx_word' id='word_1_129' title='bbox 324 1788 462 1852; x_wconf 89' lang='lat' dir='ltr'><strong>liberum</strong></span> <span class='ocrx_word' id='word_1_130' title='bbox 487 1809 570 1852; x_wconf 87' lang='lat' dir='ltr'><strong>esse:</strong></span> <span class='ocrx_word' id='word_1_131' title='bbox 597 1809 664 1852; x_wconf 91' lang='lat' dir='ltr'><strong>non</strong></span> <span class='ocrx_word' id='word_1_132' title='bbox 687 1787 772 1850; x_wconf 90' lang='lat' dir='ltr'><strong>enim</strong></span> <span class='ocrx_word' id='word_1_133' title='bbox 795 1809 853 1870; x_wconf 88' lang='lat' dir='ltr'><strong>pro</strong></span> <span class='ocrx_word' id='word_1_134' title='bbox 878 1789 1041 1873; x_wconf 84' lang='lat' dir='ltr'><strong>libertate,</strong></span> <span class='ocrx_word' id='word_1_135' title='bbox 1065 1790 1119 1854; x_wconf 91' lang='lat' dir='ltr'><strong>sed</strong></span> 
     </span>
     <span class='ocr_line' id='line_1_19' title="bbox 108 1876 1120 1961; baseline 0.002 -21"><span class='ocrx_word' id='word_1_136' title='bbox 108 1898 170 1961; x_wconf 90' lang='lat' dir='ltr'><strong>pro</strong></span> <span class='ocrx_word' id='word_1_137' title='bbox 199 1877 306 1958; x_wconf 88' lang='lat' dir='ltr'><strong>operis</strong></span> <span class='ocrx_word' id='word_1_138' title='bbox 335 1897 405 1941; x_wconf 87' lang='lat' dir='ltr'><strong>eam</strong></span> <span class='ocrx_word' id='word_1_139' title='bbox 429 1877 599 1960; x_wconf 84' lang='lat' dir='ltr'><strong>pecuniam</strong></span> <span class='ocrx_word' id='word_1_140' title='bbox 623 1876 749 1941; x_wconf 88' lang='lat' dir='ltr'><strong>dedisse</strong></span> <span class='ocrx_word' id='word_1_141' title='bbox 772 1898 830 1940; x_wconf 92' lang='lat' dir='ltr'><strong>nec</strong></span> <span class='ocrx_word' id='word_1_142' title='bbox 853 1877 957 1961; x_wconf 84' lang='lat' dir='ltr'><strong>magis</strong></span> <span class='ocrx_word' id='word_1_143' title='bbox 982 1878 1023 1941; x_wconf 94' lang='lat' dir='ltr'><strong>ob</strong></span> <span class='ocrx_word' id='word_1_144' title='bbox 1048 1899 1120 1942; x_wconf 87' lang='lat' dir='ltr'><strong>eam</strong></span> 
     </span>
     <span class='ocr_line' id='line_1_20' title="bbox 109 1964 1118 2048; baseline 0.001 -19"><span class='ocrx_word' id='word_1_145' title='bbox 109 1987 178 2029; x_wconf 88' lang='lat' dir='ltr'><strong>rem</strong></span> <span class='ocrx_word' id='word_1_146' title='bbox 210 1965 348 2029; x_wconf 91' lang='lat' dir='ltr'><strong>liberum</strong></span> <span class='ocrx_word' id='word_1_147' title='bbox 381 1986 464 2046; x_wconf 89' lang='lat' dir='ltr'><strong>esse,</strong></span> <span class='ocrx_word' id='word_1_148' title='bbox 497 1987 594 2048; x_wconf 89' lang='lat' dir='ltr'><strong>quam</strong></span> <span class='ocrx_word' id='word_1_149' title='bbox 622 1965 650 2030; x_wconf 92' lang='lat' dir='ltr'><strong>si</strong></span> <span class='ocrx_word' id='word_1_150' title='bbox 676 1964 812 2030; x_wconf 84' lang='lat' dir='ltr'><strong>fundum</strong></span> <span class='ocrx_word' id='word_1_151' title='bbox 840 1987 859 2030; x_wconf 92' lang='lat' dir='ltr'><strong>a</strong></span> <span class='ocrx_word' id='word_1_152' title='bbox 887 1965 1016 2030; x_wconf 91' lang='lat' dir='ltr'><strong>domino</strong></span> <span class='ocrx_word' id='word_1_153' title='bbox 1045 1987 1118 2031; x_wconf 90' lang='lat' dir='ltr'><strong>oon·</strong></span> 
     </span>
     <span class='ocr_line' id='line_1_21' title="bbox 109 2053 1006 2138; baseline 0.002 -20"><span class='ocrx_word' id='word_1_154' title='bbox 109 2053 256 2118; x_wconf 83' lang='lat' dir='ltr'><strong>duxisset</strong></span> <span class='ocrx_word' id='word_1_155' title='bbox 279 2057 312 2118; x_wconf 90' lang='lat' dir='ltr'><strong>et</strong></span> <span class='ocrx_word' id='word_1_156' title='bbox 333 2075 393 2138; x_wconf 90' lang='lat' dir='ltr'><strong>pro</strong></span> <span class='ocrx_word' id='word_1_157' title='bbox 418 2053 525 2118; x_wconf 87' lang='lat' dir='ltr'><strong>fructu</strong></span> <span class='ocrx_word' id='word_1_158' title='bbox 549 2054 641 2118; x_wconf 91' lang='lat' dir='ltr'><strong>fundi</strong></span> <span class='ocrx_word' id='word_1_159' title='bbox 663 2056 834 2137; x_wconf 88' lang='lat' dir='ltr'><strong>pecuniam</strong></span> <span class='ocrx_word' id='word_1_160' title='bbox 858 2053 1006 2121; x_wconf 90' lang='lat' dir='ltr'><strong>dedisset.</strong></span> 
     </span>
    </p>
   </div>
   <div class='ocr_carea' id='block_1_6' title="bbox 200 2163 1122 2242">
    <p class='ocr_par' dir='ltr' id='par_1_6' title="bbox 200 2163 1122 2242">
     <span class='ocr_line' id='line_1_22' title="bbox 200 2163 1122 2242; baseline 0.003 -18"><span class='ocrx_word' id='word_1_161' title='bbox 200 2164 297 2224; x_wconf 80' lang='lat' dir='ltr'><strong>Schol.</strong></span> <span class='ocrx_word' id='word_1_162' title='bbox 308 2163 345 2223; x_wconf 90' lang='lat' dir='ltr'><strong>ad</strong></span> <span class='ocrx_word' id='word_1_163' title='bbox 359 2165 452 2226; x_wconf 88' lang='lat' dir='ltr'><strong>Basil.</strong></span> <span class='ocrx_word' id='word_1_164' title='bbox 462 2167 513 2241; x_wconf 85' lang='grc'><strong>48,</strong></span> <span class='ocrx_word' id='word_1_165' title='bbox 523 2167 551 2242; x_wconf 85' lang='grc'><strong>5,</strong></span> <span class='ocrx_word' id='word_1_166' title='bbox 561 2167 600 2225; x_wconf 85' lang='grc'><strong>15</strong></span> <span class='ocrx_word' id='word_1_167' title='bbox 618 2165 755 2226; x_wconf 80' lang='lat' dir='ltr'><strong>Servium</strong></span> <span class='ocrx_word' id='word_1_168' title='bbox 769 2167 999 2240; x_wconf 87' lang='lat' dir='ltr'><strong>respondentem</strong></span> <span class='ocrx_word' id='word_1_169' title='bbox 1008 2167 1122 2228; x_wconf 87' lang='lat' dir='ltr'><strong>laudat.</strong></span> 
     </span>
    </p>
   </div>
   <div class='ocr_carea' id='block_1_7' title="bbox 111 2265 1123 2444">
    <p class='ocr_par' dir='ltr' id='par_1_7' title="bbox 111 2265 1123 2444">
     <span class='ocr_line' id='line_1_23' title="bbox 200 2265 1120 2354; baseline 0.003 -23"><span class='ocrx_word' id='word_1_170' title='bbox 200 2265 251 2332; x_wconf 81' lang='grc'><strong>57.</strong></span> <span class='ocrx_word' id='word_1_171' title='bbox 285 2265 322 2330; x_wconf 91' lang='lat' dir='ltr'><strong>D.</strong></span> <span class='ocrx_word' id='word_1_172' title='bbox 342 2266 394 2349; x_wconf 82' lang='lat'><strong>40,</strong></span> <span class='ocrx_word' id='word_1_173' title='bbox 415 2267 443 2350; x_wconf 90' lang='grc'><strong>7,</strong></span> <span class='ocrx_word' id='word_1_174' title='bbox 463 2267 513 2349; x_wconf 90' lang='grc'><strong>14,</strong></span> <span class='ocrx_word' id='word_1_175' title='bbox 534 2269 560 2331; x_wconf 93' lang='grc'><strong>1.</strong></span> <span class='ocrx_word' id='word_1_176' title='bbox 605 2266 742 2332; x_wconf 83' lang='lat' dir='ltr'><strong>Alfenus</strong></span> <span class='ocrx_word' id='word_1_177' title='bbox 769 2268 853 2333; x_wconf 89' lang='lat' dir='ltr'><strong>libro</strong></span> <span class='ocrx_word' id='word_1_178' title='bbox 881 2273 997 2352; x_wconf 88' lang='lat' dir='ltr'><strong>quarto</strong></span> <span class='ocrx_word' id='word_1_179' title='bbox 1021 2268 1120 2354; x_wconf 83' lang='lat' dir='ltr'><strong>Dige-</strong></span> 
     </span>
     <span class='ocr_line' id='line_1_24' title="bbox 111 2351 1123 2444; baseline 0.002 -24"><span class='ocrx_word' id='word_1_180' title='bbox 111 2360 236 2420; x_wconf 90' lang='lat' dir='ltr'><strong>storum</strong></span> <span class='ocrx_word' id='word_1_181' title='bbox 260 2351 309 2444; x_wconf 90' lang='lat' dir='ltr'><strong>(P.</strong></span> <span class='ocrx_word' id='word_1_182' title='bbox 330 2354 395 2439; x_wconf 83' lang='lat'>18).</span> <span class='ocrx_word' id='word_1_183' title='bbox 442 2353 558 2420; x_wconf 81' lang='lat' dir='ltr'><strong>Servus</strong></span> <span class='ocrx_word' id='word_1_184' title='bbox 587 2376 660 2420; x_wconf 90' lang='lat' dir='ltr'><strong>oum</strong></span> <span class='ocrx_word' id='word_1_185' title='bbox 682 2355 793 2420; x_wconf 88' lang='lat' dir='ltr'><strong>heredi</strong></span> <span class='ocrx_word' id='word_1_186' title='bbox 818 2379 973 2422; x_wconf 89' lang='lat' dir='ltr'><strong>annorum</strong></span> <span class='ocrx_word' id='word_1_187' title='bbox 997 2363 1123 2443; x_wconf 88' lang='lat' dir='ltr'><strong>septem</strong></span> 
     </span>
    </p>
   </div>
   <div class='ocr_carea' id='block_1_8' title="bbox 111 2442 1144 3329">
    <p class='ocr_par' dir='ltr' id='par_1_8' title="bbox 111 2442 1137 3146">
     <span class='ocr_line' id='line_1_25' title="bbox 111 2442 1125 2531; baseline -0.002 -21"><span class='ocrx_word' id='word_1_188' title='bbox 111 2466 225 2530; x_wconf 89' lang='lat' dir='ltr'><strong>operas</strong></span> <span class='ocrx_word' id='word_1_189' title='bbox 246 2442 393 2524; x_wconf 89' lang='lat' dir='ltr'><strong>dedisset,</strong></span> <span class='ocrx_word' id='word_1_190' title='bbox 412 2443 494 2509; x_wconf 89' lang='lat' dir='ltr'><strong>liber</strong></span> <span class='ocrx_word' id='word_1_191' title='bbox 513 2465 582 2508; x_wconf 89' lang='lat' dir='ltr'><strong>esse</strong></span> <span class='ocrx_word' id='word_1_192' title='bbox 600 2443 707 2509; x_wconf 90' lang='lat' dir='ltr'><strong>iussus</strong></span> <span class='ocrx_word' id='word_1_193' title='bbox 723 2449 804 2509; x_wconf 90' lang='lat' dir='ltr'><strong>erat:</strong></span> <span class='ocrx_word' id='word_1_194' title='bbox 823 2447 852 2510; x_wconf 89' lang='lat' dir='ltr'><strong>is</strong></span> <span class='ocrx_word' id='word_1_195' title='bbox 867 2467 978 2510; x_wconf 80' lang='lat' dir='ltr'><strong>seruus</strong></span> <span class='ocrx_word' id='word_1_196' title='bbox 993 2447 1125 2531; x_wconf 83' lang='lat' dir='ltr'><strong>fugerat</strong></span> 
     </span>
     <span class='ocr_line' id='line_1_26' title="bbox 111 2533 1126 2618; baseline -0.001 -21"><span class='ocrx_word' id='word_1_197' title='bbox 111 2538 143 2597; x_wconf 90' lang='lat' dir='ltr'><strong>et</strong></span> <span class='ocrx_word' id='word_1_198' title='bbox 168 2555 286 2597; x_wconf 90' lang='lat' dir='ltr'><strong>annum</strong></span> <span class='ocrx_word' id='word_1_199' title='bbox 308 2533 343 2596; x_wconf 90' lang='lat' dir='ltr'><strong>in</strong></span> <span class='ocrx_word' id='word_1_200' title='bbox 363 2533 440 2618; x_wconf 85' lang='lat' dir='ltr'><strong>fuga</strong></span> <span class='ocrx_word' id='word_1_201' title='bbox 458 2533 589 2597; x_wconf 89' lang='lat' dir='ltr'><strong>fecerat.</strong></span> <span class='ocrx_word' id='word_1_202' title='bbox 625 2554 696 2596; x_wconf 89' lang='lat' dir='ltr'><strong>cum</strong></span> <span class='ocrx_word' id='word_1_203' title='bbox 716 2537 839 2616; x_wconf 91' lang='lat' dir='ltr'><strong>septem</strong></span> <span class='ocrx_word' id='word_1_204' title='bbox 859 2535 934 2597; x_wconf 90' lang='lat' dir='ltr'><strong>anni</strong></span> <span class='ocrx_word' id='word_1_205' title='bbox 951 2535 1126 2617; x_wconf 87' lang='lat' dir='ltr'><strong>praeteris-</strong></span> 
     </span>
     <span class='ocr_line' id='line_1_27' title="bbox 112 2621 1128 2708; baseline -0.001 -22"><span class='ocrx_word' id='word_1_206' title='bbox 112 2624 194 2700; x_wconf 88' lang='lat' dir='ltr'><strong>sent,</strong></span> <span class='ocrx_word' id='word_1_207' title='bbox 216 2621 386 2705; x_wconf 87' lang='lat' dir='ltr'><strong>respondit</strong></span> <span class='ocrx_word' id='word_1_208' title='bbox 408 2643 473 2686; x_wconf 91' lang='lat' dir='ltr'><strong>non</strong></span> <span class='ocrx_word' id='word_1_209' title='bbox 496 2642 566 2685; x_wconf 90' lang='lat' dir='ltr'><strong>esse</strong></span> <span class='ocrx_word' id='word_1_210' title='bbox 585 2621 734 2686; x_wconf 86' lang='lat' dir='ltr'><strong>liberum:</strong></span> <span class='ocrx_word' id='word_1_211' title='bbox 757 2643 823 2685; x_wconf 92' lang='lat' dir='ltr'><strong>non</strong></span> <span class='ocrx_word' id='word_1_212' title='bbox 843 2621 928 2685; x_wconf 90' lang='lat' dir='ltr'><strong>enim</strong></span> <span class='ocrx_word' id='word_1_213' title='bbox 947 2622 1128 2708; x_wconf 83' lang='lat' dir='ltr'><strong>fugitivum</strong></span> 
     </span>
     <span class='ocr_line' id='line_1_28' title="bbox 113 2709 1130 2798; baseline -0.005 -22"><span class='ocrx_word' id='word_1_214' title='bbox 113 2732 227 2796; x_wconf 89' lang='lat' dir='ltr'><strong>operas</strong></span> <span class='ocrx_word' id='word_1_215' title='bbox 252 2709 381 2774; x_wconf 91' lang='lat' dir='ltr'><strong>domino</strong></span> <span class='ocrx_word' id='word_1_216' title='bbox 405 2709 529 2774; x_wconf 89' lang='lat' dir='ltr'><strong>dedisse</strong></span> <span class='ocrx_word' id='word_1_217' title='bbox 538 2710 558 2790; x_wconf 77' lang='lat' dir='ltr'><strong>[z</strong></span> <span class='ocrx_word' id='word_1_218' title='bbox 582 2731 680 2792; x_wconf 88' lang='lat' dir='ltr'><strong>quare</strong></span> <span class='ocrx_word' id='word_1_219' title='bbox 703 2709 767 2773; x_wconf 90' lang='lat' dir='ltr'><strong>nisi</strong></span> <span class='ocrx_word' id='word_1_220' title='bbox 787 2709 923 2774; x_wconf 90' lang='lat' dir='ltr'><strong>totidem</strong></span> <span class='ocrx_word' id='word_1_221' title='bbox 943 2711 1019 2796; x_wconf 88' lang='lat' dir='ltr'><strong>dies,</strong></span> <span class='ocrx_word' id='word_1_222' title='bbox 1043 2711 1130 2798; x_wconf 89' lang='lat' dir='ltr'><strong>quot</strong></span> 
     </span>
     <span class='ocr_line' id='line_1_29' title="bbox 113 2797 1133 2880; baseline -0.004 -16"><span class='ocrx_word' id='word_1_223' title='bbox 113 2799 261 2880; x_wconf 85' lang='lat' dir='ltr'><strong>afuisset,</strong></span> <span class='ocrx_word' id='word_1_224' title='bbox 292 2798 458 2880; x_wconf 89' lang='lat' dir='ltr'><strong>servisset,</strong></span> <span class='ocrx_word' id='word_1_225' title='bbox 489 2820 555 2862; x_wconf 92' lang='lat' dir='ltr'><strong>non</strong></span> <span class='ocrx_word' id='word_1_226' title='bbox 583 2798 651 2862; x_wconf 89' lang='lat' dir='ltr'><strong>fore</strong></span> <span class='ocrx_word' id='word_1_227' title='bbox 679 2797 825 2864; x_wconf 88' lang='lat' dir='ltr'><strong>liberum.</strong></span> <span class='ocrx_word' id='word_1_228' title='bbox 877 2798 992 2868; x_wconf 85' lang='lat' dir='ltr'><strong>sedet</strong></span> <span class='ocrx_word' id='word_1_229' title='bbox 1020 2803 1048 2867; x_wconf 93' lang='lat' dir='ltr'><strong>si</strong></span> <span class='ocrx_word' id='word_1_230' title='bbox 1076 2801 1133 2865; x_wconf 89' lang='lat' dir='ltr'><strong>ita</strong></span> 
     </span>
     <span class='ocr_line' id='line_1_30' title="bbox 113 2887 1134 2972; baseline -0.005 -19"><span class='ocrx_word' id='word_1_231' title='bbox 113 2888 271 2972; x_wconf 90' lang='lat' dir='ltr'><strong>scriptum</strong></span> <span class='ocrx_word' id='word_1_232' title='bbox 295 2894 389 2970; x_wconf 89' lang='lat' dir='ltr'><strong>esset,</strong></span> <span class='ocrx_word' id='word_1_233' title='bbox 412 2893 449 2952; x_wconf 92' lang='lat' dir='ltr'><strong>ut</strong></span> <span class='ocrx_word' id='word_1_234' title='bbox 471 2891 540 2952; x_wconf 92' lang='lat' dir='ltr'><strong>tum</strong></span> <span class='ocrx_word' id='word_1_235' title='bbox 564 2887 646 2951; x_wconf 93' lang='lat' dir='ltr'><strong>liber</strong></span> <span class='ocrx_word' id='word_1_236' title='bbox 669 2892 763 2972; x_wconf 89' lang='lat' dir='ltr'><strong>esset,</strong></span> <span class='ocrx_word' id='word_1_237' title='bbox 787 2909 858 2952; x_wconf 90' lang='lat' dir='ltr'><strong>cum</strong></span> <span class='ocrx_word' id='word_1_238' title='bbox 882 2893 1006 2972; x_wconf 89' lang='lat' dir='ltr'><strong>septem</strong></span> <span class='ocrx_word' id='word_1_239' title='bbox 1030 2887 1134 2958; x_wconf 88' lang='lat' dir='ltr'><strong>annis</strong></span> 
     </span>
     <span class='ocr_line' id='line_1_31' title="bbox 113 2977 1137 3068; baseline 0.001 -26"><span class='ocrx_word' id='word_1_240' title='bbox 113 2977 280 3060; x_wconf 74' lang='lat' dir='ltr'><strong>servisset,</strong></span> <span class='ocrx_word' id='word_1_241' title='bbox 307 2977 452 3060; x_wconf 90' lang='lat' dir='ltr'><strong>potuisse</strong></span> <span class='ocrx_word' id='word_1_242' title='bbox 480 2977 619 3041; x_wconf 89' lang='lat' dir='ltr'><strong>liberum</strong></span> <span class='ocrx_word' id='word_1_243' title='bbox 646 2998 729 3061; x_wconf 84' lang='lat' dir='ltr'><strong>esse,</strong></span> <span class='ocrx_word' id='word_1_244' title='bbox 753 2977 780 3042; x_wconf 92' lang='lat' dir='ltr'><strong>si</strong></span> <span class='ocrx_word' id='word_1_245' title='bbox 804 2981 931 3060; x_wconf 90' lang='lat' dir='ltr'><strong>tempus</strong></span> <span class='ocrx_word' id='word_1_246' title='bbox 955 2980 1052 3068; x_wconf 87' lang='lat' dir='ltr'><strong>fugae</strong></span> <span class='ocrx_word' id='word_1_247' title='bbox 1077 2997 1137 3043; x_wconf 87' lang='lat' dir='ltr'><strong>re·</strong></span> 
     </span>
     <span class='ocr_line' id='line_1_32' title="bbox 111 3064 418 3146; baseline -0.01 -14"><span class='ocrx_word' id='word_1_248' title='bbox 111 3087 220 3132; x_wconf 87' lang='lat' dir='ltr'><strong>vorsus</strong></span> <span class='ocrx_word' id='word_1_249' title='bbox 245 3064 418 3146; x_wconf 66' lang='lat' dir='ltr'><strong>servisset}</strong></span> 
     </span>
    </p>

    <p class='ocr_par' dir='ltr' id='par_1_9' title="bbox 115 3150 1144 3329">
     <span class='ocr_line' id='line_1_33' title="bbox 203 3150 1141 3242; baseline 0.002 -24"><span class='ocrx_word' id='word_1_250' title='bbox 203 3154 254 3220; x_wconf 83' lang='lat'><strong>58.</strong></span> <span class='ocrx_word' id='word_1_251' title='bbox 278 3153 316 3218; x_wconf 92' lang='lat' dir='ltr'><strong>D.</strong></span> <span class='ocrx_word' id='word_1_252' title='bbox 332 3154 384 3236; x_wconf 85' lang='lat'><strong>40,</strong></span> <span class='ocrx_word' id='word_1_253' title='bbox 399 3155 429 3238; x_wconf 88' lang='grc'><strong>4,</strong></span> <span class='ocrx_word' id='word_1_254' title='bbox 443 3155 494 3219; x_wconf 89' lang='grc'><strong>48.</strong></span> <span class='ocrx_word' id='word_1_255' title='bbox 527 3152 617 3218; x_wconf 89' lang='lat' dir='ltr'><strong>Idem</strong></span> <span class='ocrx_word' id='word_1_256' title='bbox 640 3150 867 3242; x_wconf 85' lang='lat' dir='ltr'><strong>(Papinianus)</strong></span> <span class='ocrx_word' id='word_1_257' title='bbox 891 3156 975 3222; x_wconf 91' lang='lat' dir='ltr'><strong>libro</strong></span> <span class='ocrx_word' id='word_1_258' title='bbox 1000 3158 1141 3225; x_wconf 81' lang='lat' dir='ltr'><strong>decimo</strong></span> 
     </span>
     <span class='ocr_line' id='line_1_34' title="bbox 115 3239 1144 3329; baseline 0.001 -21"><span class='ocrx_word' id='word_1_259' title='bbox 115 3244 347 3321; x_wconf 80' lang='lat' dir='ltr'><strong>Quaestionum</strong></span> <span class='ocrx_word' id='word_1_260' title='bbox 362 3241 409 3326; x_wconf 84' lang='lat' dir='ltr'><strong>(P.</strong></span> <span class='ocrx_word' id='word_1_261' title='bbox 428 3240 511 3329; x_wconf 88' lang='grc'><strong>176).</strong></span> <span class='ocrx_word' id='word_1_262' title='bbox 546 3239 580 3307; x_wconf 88' lang='lat' dir='ltr'><strong>Si</strong></span> <span class='ocrx_word' id='word_1_263' title='bbox 600 3243 705 3308; x_wconf 73' lang='lat' dir='ltr'><strong>socius</strong></span> <span class='ocrx_word' id='word_1_264' title='bbox 724 3247 919 3308; x_wconf 90' lang='lat' dir='ltr'><strong>testamento</strong></span> <span class='ocrx_word' id='word_1_265' title='bbox 938 3245 1144 3314; x_wconf 79' lang='lat' dir='ltr'><strong>libertate11l</strong></span> 
     </span>
    </p>
   </div>
   <div class='ocr_carea' id='block_1_9' title="bbox 5 3325 1146 3418">
    <p class='ocr_par' dir='ltr' id='par_1_10' title="bbox 5 3325 1146 3418">
     <span class='ocr_line' id='line_1_35' title="bbox 5 3325 1146 3418; baseline 0.002 -22"><span class='ocrx_word' id='word_1_266' title='bbox 5 3412 11 3418; x_wconf 27' lang='lat'>¹</span> <span class='ocrx_word' id='word_1_267' title='bbox 117 3333 163 3397; x_wconf 90' lang='lat' dir='ltr'><strong>ita</strong></span> <span class='ocrx_word' id='word_1_268' title='bbox 186 3331 322 3397; x_wconf 90' lang='lat' dir='ltr'><strong>dederit:</strong></span> <span class='ocrx_word' id='word_1_269' title='bbox 356 3331 573 3415; x_wconf 58' lang='lat' dir='ltr'><strong>‘Pamphilus</strong></span> <span class='ocrx_word' id='word_1_270' title='bbox 601 3331 629 3394; x_wconf 90' lang='lat' dir='ltr'><strong>si</strong></span> <span class='ocrx_word' id='word_1_271' title='bbox 657 3353 728 3396; x_wconf 92' lang='lat' dir='ltr'><strong>eum</strong></span> <span class='ocrx_word' id='word_1_272' title='bbox 758 3333 862 3397; x_wconf 82' lang='lat' dir='ltr'><strong>socius</strong></span> <span class='ocrx_word' id='word_1_273' title='bbox 888 3325 1146 3402; x_wconf 64' lang='lat' dir='ltr'><strong>manumiseri‘fiae</strong></span> 
     </span>
    </p>
   </div>
   <div class='ocr_carea' id='block_1_10' title="bbox 115 3417 1150 3593">
    <p class='ocr_par' dir='ltr' id='par_1_11' title="bbox 115 3417 1150 3593">
     <span class='ocr_line' id='line_1_36' title="bbox 115 3417 1150 3504; baseline -0.004 -19"><span class='ocrx_word' id='word_1_274' title='bbox 115 3422 198 3487; x_wconf 89' lang='lat' dir='ltr'><strong>liber</strong></span> <span class='ocrx_word' id='word_1_275' title='bbox 217 3420 307 3504; x_wconf 86' lang='lat' dir='ltr'><strong>esto&#39;,</strong></span> <span class='ocrx_word' id='word_1_276' title='bbox 331 3417 461 3484; x_wconf 79' lang='lat' dir='ltr'><strong>Servius</strong></span> <span class='ocrx_word' id='word_1_277' title='bbox 480 3418 647 3504; x_wconf 89' lang='lat' dir='ltr'><strong>respondit</strong></span> <span class='ocrx_word' id='word_1_278' title='bbox 665 3419 751 3485; x_wconf 91' lang='lat' dir='ltr'><strong>socio</strong></span> <span class='ocrx_word' id='word_1_279' title='bbox 770 3423 1021 3492; x_wconf 87' lang='lat' dir='ltr'><strong>manumittente</strong></span> <span class='ocrx_word' id='word_1_280' title='bbox 1040 3432 1150 3490; x_wconf 83' lang='lat' dir='ltr'><strong>corn·</strong></span> 
     </span>
     <span class='ocr_line' id='line_1_37' title="bbox 115 3507 1086 3593; baseline -0.003 -17"><span class='ocrx_word' id='word_1_281' title='bbox 115 3531 243 3576; x_wconf 89' lang='lat' dir='ltr'><strong>munem</strong></span> <span class='ocrx_word' id='word_1_282' title='bbox 266 3509 337 3574; x_wconf 86' lang='lat' dir='ltr'><strong>fieri</strong></span> <span class='ocrx_word' id='word_1_283' title='bbox 360 3510 514 3573; x_wconf 89' lang='lat' dir='ltr'><strong>libertum</strong></span> <span class='ocrx_word' id='word_1_284' title='bbox 538 3507 680 3573; x_wconf 84' lang='lat' dir='ltr'><strong>familiae</strong></span> <span class='ocrx_word' id='word_1_285' title='bbox 704 3512 800 3593; x_wconf 91' lang='lat' dir='ltr'><strong>atque</strong></span> <span class='ocrx_word' id='word_1_286' title='bbox 824 3511 1086 3580; x_wconf 86' lang='lat' dir='ltr'><strong>manumissoris.</strong></span> 
     </span>
    </p>
   </div>
   <div class='ocr_carea' id='block_1_11' title="bbox 0 0 1305 3908">
    <p class='ocr_par' dir='ltr' id='par_1_12' title="bbox 0 0 1305 3908">
     <span class='ocr_line' id='line_1_38' title="bbox 0 0 1305 3908; baseline 0 0"><span class='ocrx_word' id='word_1_287' title='bbox 0 0 1305 3908; x_wconf 95' lang='lat' dir='ltr'><strong> </strong></span> 
     </span>
    </p>
   </div>
  </div>
 </body>
</html>
