2600 3908
306 187 330 236 7.
357 179 388 244 Q.
407 178 542 234 MUCIUS
562 180 591 236 P.
606 179 636 234 P.
651 179 681 234 P.
696 181 731 234 N.
746 176 945 237 SCAEVOLA'
1083 183 1123 245 79

110 349 150 406 ad
178 348 312 407 Mucium
344 348 498 408 habemus.
549 348 652 424 itaque
682 349 827 408 nonnulla
854 368 890 408 ex
916 351 1006 410 tertio
1033 350 1126 409 Mucii

111 437 191 496 libro
215 440 337 512 sumpta
360 436 432 510 sint,
455 455 533 512 quae
556 437 686 496 secundo
709 437 786 496 libro
811 437 955 499 dedimus.
1235 515 1236 518 Ἴ

201 526 267 585 Hoc
290 526 356 586 loco
376 525 411 584 de
431 527 569 586 cautione
587 525 726 584 Muciana
744 545 821 601 quae
841 527 966 587 dicenda
983 527 1125 588 videntur
1157 591 1158 594 ,

110 634 232 692 ponam.
275 613 308 684 Q.
322 614 439 674 Mucius
457 615 647 692 legatarium,
671 633 760 691 quern
783 618 911 674 testator
929 617 1009 691 quod
1027 618 1124 678 vetari

111 703 209 780 possit
245 707 399 778 vetuerat,
434 704 569 781 legatum
602 722 706 778 capere
738 722 825 778 posse
857 704 1061 783 existimabat,
1098 707 1124 768 si

112 792 243 851 vetitum
263 811 294 850 se
312 810 373 850 non
390 792 544 851 facturum
562 811 630 852 cum
649 810 791 867 sponsore
809 793 1003 870 promisisset,
1022 795 1123 873 itaut,

112 881 138 940 si
157 883 262 940 contra
280 881 461 956 promissum
480 881 601 959 egisset,
619 881 751 958 legatam
769 901 834 940 rem
851 883 976 941 reddere
994 882 1124 944 deberet.

109 970 229 1028 Mucius
252 976 356 1028 utrum
378 971 434 1029 boc
457 972 579 1045 praetor
602 970 793 1029 constituerit
816 965 971 1048 (Karlewa
988 971 1027 1046 ΙΙ,
1043 965 1122 1054 894)
1223 987 1224 990 ’

112 1077 151 1117 an
167 1059 312 1134 privatim
329 1058 525 1136 responderit,
548 1059 710 1118 nescimus:
734 1060 785 1118 sed
804 1059 909 1118 exinde
927 1061 1003 1119 talia
1020 1061 1123 1138 legata

111 1147 155 1206 ita
178 1147 317 1222 expedita
340 1165 404 1206 esse
425 1150 550 1207 constat.
592 1165 669 1224 quae
688 1147 724 1206 de
742 1148 852 1226 legatis
871 1149 994 1226 placuit,
1017 1155 1122 1226 postea

111 1237 202 1294 etiam
230 1235 262 1294 in
290 1235 508 1295 hereditatibus
534 1235 697 1295 admissum
721 1242 778 1296 est:
807 1238 849 1296 sio
873 1238 952 1296 enim
974 1237 1122 1314 Ulpianus

110 1324 187 1384 libro
206 1328 312 1384 octavo
332 1325 445 1384 decimo
460 1325 499 1383 ad
513 1323 656 1383 Sabinum
672 1325 765 1384 tradit
778 1327 814 1386 D.
827 1327 876 1402 35,
890 1330 917 1402 1,
930 1330 957 1386 7.
988 1327 1122 1386 Mucium

109 1431 180 1472 roro
205 1413 296 1472 etiam
320 1413 352 1471 in
373 1413 449 1472 iuris
472 1413 570 1472 civilis
593 1412 678 1472 libris
701 1413 738 1472 de
761 1415 900 1474 cautione
924 1434 979 1474 sua
1002 1417 1121 1492 dixisse,

110 1521 146 1560 ex
172 1501 208 1561 D.
234 1503 379 1579 35,1,1
411 1495 606 1582 (Pomponius
634 1501 711 1561 libro
738 1503 830 1561 tertio
858 1504 896 1561 ad
920 1503 953 1573 Q.
974 1501 1121 1584 Mucium)

108 1591 182 1650 licet
212 1591 400 1650 concludere:
434 1589 631 1666 Pomponium
664 1595 766 1649 autem
797 1592 853 1650 hoe
885 1592 962 1651 libro
990 1593 1026 1652 de
1054 1593 1120 1652 aliis

109 1698 227 1756 quoque
251 1680 421 1754 legatorum
444 1678 667 1738 condicionibus
692 1679 845 1754 scripsisse
869 1685 1001 1756 apparet.

198 1767 243 1826 De
271 1770 353 1826 certa
379 1770 500 1826 tanturn
527 1767 710 1843 condicione,
738 1787 797 1827 non
826 1768 862 1827 de
886 1769 1022 1828 omnibus
1045 1769 1120 1828 indi·

109 1857 218 1916 stincte
235 1854 370 1915 Mucium
389 1857 499 1916 dixisse
517 1855 586 1916 inde
605 1857 818 1934 cognoscimus,
841 1858 920 1934 quod
939 1857 1120 1934 Papinianus

109 1943 146 2003 D.
166 1947 217 2012 35,
235 1948 263 2018 1,
280 1947 318 2005 73
339 1947 413 2004 baec
433 1945 548 2004 scribit:
573 1938 616 2003 ‘in
635 1945 772 2005 omnibus
792 1946 1022 2024 condicionibus,
1043 1966 1119 2024 quae

108 2038 205 2093 morte
223 2034 438 2112 legatariorum
455 2033 610 2110 finiuntur,
633 2037 819 2110 receptum
838 2039 906 2107 est,
928 2039 963 2094 ut
981 2035 1121 2095 Muciana

109 2123 209 2182 cautio
241 2116 474 2198 interponatur'.
524 2123 659 2200 legatum
688 2124 765 2182 illud
793 2123 1007 2200 condicionale,
1040 2125 1119 2202 qnod

108 2211 227 2270 Mucius
258 2211 414 2288 tractavit,
446 2211 574 2271 fortasse
607 2216 672 2271 erat
704 2213 789 2272 uxori
820 2214 959 2273 relictum
989 2208 1031 2273 ‘si
1058 2233 1117 2273 non

108 2294 256 2375 nupserit'
283 2301 332 2360 rel
360 2293 398 2360 ‘si
425 2319 443 2359 a
469 2300 572 2360 liberis
597 2320 635 2360 ne
657 2295 819 2377 nupserit':
847 2321 917 2360 nam
939 2321 1000 2362 non
1023 2303 1119 2363 solurn

108 2389 242 2464 legatum
272 2389 359 2449 uxori
390 2389 529 2448 relictum
561 2389 592 2446 in
619 2389 711 2448 Mucii
742 2391 828 2450 libris
858 2391 989 2466 primum
1019 2393 1118 2450 locum

109 2477 237 2554 obtinet,
270 2477 322 2536 sed
350 2477 483 2536 condicio
511 2477 566 2536 illa
593 2479 694 2553 legato
723 2479 840 2538 adiecta
867 2480 959 2538 etiam
986 2481 1119 2539 moribus

108 2569 245 2624 veterum
263 2565 409 2643 convenit,
429 2585 497 2626 cum
511 2566 659 2624 univiram
673 2567 762 2626 laude
777 2567 899 2644 dignam
913 2568 1118 2628 iudicaverint.

108 2655 181 2731 quid
204 2655 285 2732 quod
308 2655 340 2713 in
358 2654 519 2714 Iustiniani
537 2655 671 2731 Digestis
695 2655 827 2715 condicio
850 2655 904 2714 illa
927 2675 1014 2732 saepe
1036 2675 1119 2731 repe-

107 2745 184 2802 ritur
207 2743 243 2802 D.
264 2745 315 2821 40,
332 2746 360 2816 7,
375 2746 416 2802 42
441 2735 582 2824 (15555),
612 2746 662 2815 35,
682 2747 710 2819 1,
728 2747 768 2802 22
798 2748 828 2804 51
858 2745 920 2804 106
946 2736 1119 2826 (Iulianus),

109 2834 149 2892 63
174 2824 314 2913 (05155),
340 2835 389 2910 72,
410 2834 461 2909 74,
482 2834 545 2892 100
570 2825 791 2914 (Papinianus).

49 2989 54 3002 Ι
196 2921 276 2980 Iuris
305 2921 433 2981 consulti
457 2921 492 2980 de
515 2920 656 2980 Muciana
679 2921 816 2982 cautione
839 2923 871 2981 hi
892 2923 954 2982 fere
978 2927 1117 3002 egerunt:

107 3009 210 3068 Aristo
230 3001 507 3090 (D.35,1,1pr.),
529 3010 672 3070 Neratius
696 3004 805 3092 (ibid),
827 3012 964 3072 lulianus
985 3005 1070 3094 (ibid.
1090 3017 1120 3072 et

109 3100 158 3172 35,
181 3102 208 3175 1,
229 3089 321 3179 106),
348 3097 529 3173 Pomponius
553 3092 603 3180 (D.
624 3101 675 3175 35,
697 3104 724 3179 1,
746 3103 762 3158 1
788 3103 819 3160 51
842 3103 897 3160 573
925 3101 1002 3161 libro
1028 3103 1118 3160 tertio

108 3190 139 3245 et
160 3205 240 3246 nono
263 3187 301 3246 ad
321 3186 354 3257 Q.
372 3179 530 3268 Mucium),
554 3187 647 3248 Gaius
665 3181 716 3271 (D.
738 3183 914 3272 35,1,10),
937 3191 1119 3266 Papinianus

109 3267 157 3356 (D.
178 3277 229 3354 35,
251 3278 278 3353 1,
299 3279 349 3354 72,
370 3278 420 3352 73,
441 3279 491 3354 77,
513 3269 590 3358 101)
614 3277 763 3354 Ulpianus
787 3271 836 3359 (D.
858 3281 908 3356 35,
930 3283 957 3356 1,
977 3271 1021 3361 7).

196 3365 297 3423 Etiam
311 3365 507 3441 imperatores
521 3368 557 3424 de
572 3367 710 3426 cautione
727 3369 955 3426 constituerunt.
980 3367 1120 3441 Papinia-v

107 3471 163 3511 nus
183 3454 261 3512 enirn
279 3453 356 3513 libro
371 3456 477 3512 octavo
492 3454 607 3514 decimo
622 3455 837 3525 Quaestionum
852 3449 901 3535 (D.
918 3457 1009 3532 35,1,
1023 3446 1118 3535 72,1)

108 3542 212 3600 scribit
240 3537 319 3602 ‘cum
346 3544 491 3619 patronus
519 3543 627 3602 liberto
657 3548 769 3602 certam
796 3545 952 3620 pecuniam
977 3543 1118 3620 legasset,
