2600 3908
196 170 258 234 148
295 171 340 225 VI.
364 167 497 224 OCTAVI
517 169 615 225 SAEC.
635 169 730 225 IURIS
750 171 922 229 consum.
942 172 1067 228 saulus
1087 175 1213 228 PRIMA

194 337 331 417 [Gaius],
364 338 461 396 Aulus
490 335 609 414 Ofilius,
642 339 728 398 Titus
757 338 895 416 GaesiuS,
927 340 1068 400 Aufidius
1097 343 1213 420 Tucca,

193 428 334 488 Aufidius
353 428 496 504 Namusa,
516 427 640 487 Flavius
659 427 789 505 Priscus,
812 428 904 488 Gaius
919 431 1034 503 Ateius,
1053 430 1214 491 Pacuvius

193 517 293 577 Labeo
312 517 472 593 Antistius,
496 515 643 575 Labeonis
662 517 788 576 Antistii
806 522 902 594 pater,
924 514 1081 598 <Gaius?>
1100 518 1213 596 Cinna,

192 606 345 666 Publicius
361 605 477 666 Gellius
560 625 596 664 ex
614 605 660 664 his
684 605 872 666 auditoribus
891 607 1055 682 plurimum
1074 611 1211 670 auotori-

193 697 265 754 tatis
289 695 395 754 habuit
417 693 545 753 Alfenus
564 693 663 752 Varus
687 696 717 752 et
736 689 836 754 Aulus
856 691 983 755 Ofilius'.
1025 716 1100 773 quos
1122 699 1213 757 audi-

192 789 273 844 tores
296 803 405 844 novam
429 783 525 842 Servii
547 782 696 841 rationem
719 786 838 842 seoutos
862 804 926 844 esse
950 790 1084 860 apparet.

282 1048 385 1108 Cicero
405 1049 534 1108 amioum
549 1047 689 1115 laudibus
709 1049 814 1108 efferre
833 1068 987 1126 nunquam
1006 1053 1143 1112 cessavit.
1177 1055 1209 1112 in

194 1139 329 1198 oratione
352 1157 405 1214 pro
429 1138 575 1195 Muraena
601 1139 653 1208 14,
679 1139 720 1197 30
748 1133 823 1197 haee
853 1139 907 1196 ait:
948 1135 1094 1200 ‘virtutes
1123 1143 1208 1218 ipsae

194 1247 248 1304 per
271 1245 301 1286 se
324 1228 456 1285 multum
477 1227 591 1284 valent:
625 1225 744 1284 iustitia
770 1225 843 1286 fides
872 1229 969 1302 pudor
995 1232 1207 1309 temperantia,

195 1317 303 1394 quibus
327 1319 371 1392 te,
395 1314 493 1390 Servi,
516 1315 660 1374 excellere
684 1333 785 1375 omnes
808 1313 1015 1392 intellegunt'.
1056 1320 1088 1376 in
1111 1320 1206 1380 Bruto

197 1408 260 1465 150
271 1423 312 1479 sq.
346 1423 415 1464 vero
448 1404 521 1462 haeo
553 1403 693 1481 legimus:
727 1399 804 1463 ‘tum
832 1405 958 1464 Brutus:
991 1425 1059 1466 oum
1087 1427 1123 1466 ex
1151 1412 1206 1468 tua

195 1495 329 1554 oratione
352 1493 427 1552 mihi
449 1493 561 1570 videor,
584 1493 691 1570 inquit,
715 1493 789 1552 bene
813 1492 953 1553 Orassum
976 1500 1006 1554 et
1030 1497 1205 1557 Scaevolam

90 1587 91 1590 ’
195 1582 381 1660 cognovisse,
405 1585 471 1640 tum
494 1583 530 1641 de
553 1586 584 1641 te
607 1585 638 1640 et
661 1582 697 1640 de
721 1581 782 1640 Ser.
807 1581 940 1659 Sulpicio
963 1585 1113 1664 cogitans,
1142 1605 1204 1646 esse
1285 1591 1286 1666 ᾖ

195 1671 345 1748 quandam
368 1671 453 1732 vobis
481 1690 549 1730 oum
571 1671 632 1730 illis
656 1670 883 1730 similitudinem
907 1672 1012 1732 iudico.
1059 1673 1202 1752 Quonam,
1284 1669 1286 1700 i

194 1761 329 1838 inquam,
357 1761 436 1820 istuo
464 1759 571 1820 modo?
617 1759 694 1828 Quia
721 1760 794 1818 mihi
822 1763 853 1820 et
879 1765 915 1819 tu
942 1762 1065 1838 videris,
1097 1764 1202 1841 inquit,

195 1853 314 1910 tantum
341 1851 416 1909 iuris
445 1849 542 1908 civilis
570 1848 644 1906 seire
672 1847 815 1924 voluisse,
849 1855 997 1926 quantum
1025 1853 1099 1911 satis
1127 1857 1202 1912 esset

196 1940 317 2011 oratori,
340 1942 372 1996 et
391 1937 510 1997 Servius
530 1936 719 2012 eloquentiae
738 1939 855 1996 tantum
874 1940 1080 2017 assumpsisse,
1103 1946 1138 2000 ut
1157 1944 1201 2001 ius

196 2027 283 2086 civile
311 2027 400 2085 facile
424 2027 520 2101 possit
541 2026 630 2084 tueri.
686 2072 714 2086 ..
738 2026 779 2084 Et
801 2045 869 2102 ego,
898 2070 927 2086 ..
951 2029 1086 2105 inquam,
1116 2075 1143 2090 ..
1168 2031 1200 2090 de

197 2115 301 2174 Servio
325 2117 357 2172 et
379 2117 415 2173 tu
437 2113 528 2189 probe
552 2115 625 2173 diois
649 2117 679 2173 et
702 2133 757 2192 ego
775 2113 878 2174 'dioam
901 2117 981 2192 quod
1003 2119 1108 2178 sentio.
1146 2139 1202 2180 non

196 2204 274 2262 enim
302 2203 391 2261 faoile
418 2221 507 2280 quem
534 2201 659 2261 dixerim
682 2203 750 2278 plus
774 2205 867 2262 studii
890 2224 981 2282 quam
1001 2207 1089 2266 illum
1113 2208 1202 2267 etad

196 2290 353 2350 dicendum
385 2294 416 2350 et
448 2290 486 2350 ad
513 2310 614 2351 omnes
642 2293 788 2350 bonarum
815 2313 916 2352 rerum
947 2295 1120 2372 disciplinas
1152 2298 1201 2356 ad·

195 2380 336 2439 hibuisse.
373 2399 444 2440 nam
463 2384 493 2439 et
511 2381 543 2439 in
560 2381 667 2440 iisdem
686 2381 947 2442 exercitationibus
965 2383 1087 2443 ineunte
1104 2389 1201 2446 aetate

193 2469 320 2546 fuimus,
349 2473 380 2528 et
402 2473 508 2545 postea
534 2489 596 2528 una
618 2469 756 2529 Rhodum
782 2471 834 2530 ille
858 2473 949 2530 etiam
972 2474 1124 2548 profectus
1149 2479 1202 2550 est,

194 2577 254 2636 quo
277 2559 385 2618 melior
403 2561 483 2618 esset
501 2562 531 2618 et
549 2559 673 2635 doctior,
697 2562 727 2617 et
745 2558 814 2617 inde
833 2562 869 2618 ut
889 2560 979 2620 rediit
993 2561 1112 2620 videtur
1130 2565 1202 2622 mihi

195 2648 227 2706 in
251 2647 380 2706 secunda
404 2651 468 2706 arte
491 2648 606 2723 primus
629 2665 693 2706 esse
716 2647 859 2706 maluisse
883 2667 974 2724 quam
992 2650 1023 2708 in
1040 2650 1139 2727 prima
1161 2672 1202 2712 se·

196 2735 318 2796 eundus
352 2740 442 2813 atque
461 2736 542 2795 haud
561 2737 630 2812 seio,
649 2755 688 2794 an
701 2755 757 2812 par
769 2737 953 2814 principibus
968 2757 1032 2798 esse
1047 2741 1202 2817 potuisset,

197 2825 250 2884 sed
272 2825 398 2884 fortasse
421 2826 538 2901 maluit,
561 2826 592 2883 id
615 2825 694 2902 quod
717 2828 763 2883 est
786 2826 927 2904 adeptus,
950 2827 1038 2904 louge
1063 2831 1202 2906 omnium,

195 2931 256 2972 non
279 2913 410 2971 eiusdem
433 2915 520 2972 modo
544 2913 661 2990 aetatis
685 2913 737 2973 sed
759 2931 861 2972 eorum
881 2916 971 2975 etiam
995 2917 1048 2991 qui
1066 2918 1202 2997 fuissent,

196 3001 228 3059 in
249 3001 316 3059 iure
340 3001 419 3060 oivili
442 3019 506 3060 esse
530 3002 676 3077 princeps
712 3001 769 3060 Hie
787 3002 910 3081 Brutus,
934 3005 992 3064 ain’
1016 3005 1071 3064 tu?
1094 3009 1200 3084 inquit.

197 3091 326 3148 etiamne
354 3089 387 3158 Q.
416 3089 576 3149 Scaevolae
605 3090 742 3149 Servium
769 3094 906 3151 nostrum
935 3095 1110 3170 anteponis?
1156 3096 1202 3156 Sia

197 3174 285 3252 enim,
309 3179 439 3255 inquam,
457 3179 561 3256 Brute,
583 3178 728 3254 existimo,
747 3179 822 3238 iuris
841 3181 936 3240 civilis
956 3202 1096 3258 magnum
1115 3203 1202 3244 usum

198 3271 229 3326 et
256 3267 337 3343 apud
361 3268 534 3328 Scaevolam
562 3271 592 3326 et
619 3268 699 3343 apud
726 3269 851 3346 multos,
880 3278 975 3330 artem
999 3273 1029 3330 in
1056 3272 1112 3332 hoe
1136 3295 1201 3352 uno,

199 3356 278 3434 quod
305 3375 458 3432 nunquam
486 3357 633 3417 effeoisset
659 3357 753 3433 ipsius
781 3357 856 3416 iuris
886 3359 1021 3435 seientia,
1054 3361 1111 3421 nisi
1139 3382 1201 3422 eam

197 3450 354 3523 praeterea
376 3445 529 3506 didicisset
555 3449 663 3522 artem,
695 3466 770 3521 quae
797 3448 916 3507 doceret
942 3469 1005 3506 rem
1032 3451 1201 3532 nniversam

199 3535 332 3596 tribuere
351 3537 382 3594 in
400 3539 511 3614 partes,
530 3537 674 3596 latentem
693 3537 840 3612 explicare
855 3537 1027 3610 definiendo,
1048 3539 1201 3600 obscuram
