2588 3908
358 133 390 238 ‘a
417 183 569 238 SERVIUS
589 184 772 240 SULPICIUS
791 185 909 240 RUFUS
1079 187 1140 250 187

127 366 216 428 opus
239 345 395 410 facerent:
425 346 457 410 id
480 347 529 410 ius
553 350 684 412 estnec
707 347 769 412 ne‘?
806 349 974 432 respondit
992 349 1042 413 ius
1062 371 1141 433 esse,

128 434 308 498 dummodo
336 435 454 499 liberae
479 457 592 518 operas
618 437 659 501 ab
683 437 728 499 eis
752 437 922 521 exigeretL
949 437 1011 501 hoc
1034 443 1142 502 estut

129 521 339 606 adquiescere
368 545 422 588 eoa
450 525 628 589 meridiano
656 529 801 608 tempore
829 529 862 589 et
889 526 1080 590 valetudinis
1109 530 1142 590 et

128 612 316 677 honestatis
340 633 417 676 suae
440 613 601 678 rationem
624 614 742 678 habere
766 614 908 694 sineret].

221 699 305 764 Item
329 702 456 785 rogavi,
485 702 512 764 ei
535 701 594 766 has
622 723 737 786 operas
765 703 875 767 liberti
902 703 977 767 dare
1005 703 1141 785 nollent,

129 789 246 872 quanti
278 792 443 872 oporteret
475 791 648 854 aestimari.
706 791 884 874 respondit,
916 795 1071 876 quantum
1104 813 1142 855 ex

127 877 264 942 illorum
292 879 398 960 operis
426 878 563 963 fruetus,
593 901 659 944 non
688 883 845 963 quantum
874 902 912 944 ex
939 881 1141 946 incommodo

129 966 238 1030 dando
262 965 336 1044 illis,
361 966 390 1030 si
412 967 600 1049 prohiberet
624 990 677 1034 eos
696 969 888 1034 medicinam
911 969 1032 1054 facere,
1054 990 1140 1036 eom-

128 1055 219 1120 modi
242 1059 399 1138 patronus
423 1060 652 1121 consecuturus
676 1061 769 1122 esset

490 1239 537 1296 De
559 1240 673 1298 liberali
694 1258 792 1300 cauea.

220 1357 272 1422 62.
303 1355 342 1420 D.
360 1357 413 1441 40,
434 1357 484 1442 12,
503 1356 546 1422 24
559 1364 607 1440 pr.
630 1360 650 1438 ξ
671 1360 698 1421 1.
736 1357 855 1422 Paulus
878 1358 962 1422 libro
987 1358 1140 1442 quinqua-

128 1446 278 1532 gensimo
297 1446 403 1528 primo
423 1445 463 1509 ad
484 1446 622 1510 edictum
642 1443 691 1532 (P.
709 1445 798 1530 646).
840 1445 996 1512 Ordinato
1014 1447 1140 1511 liberali

127 1557 229 1599 causa
252 1533 346 1598 liberi
368 1534 440 1599 loco
464 1533 603 1598 habetur
624 1535 663 1620 ia,
689 1535 743 1619 qui
767 1535 805 1598 de
829 1539 917 1599 statu
941 1557 999 1600 suo
1023 1536 1141 1620 litigat,

127 1625 178 1688 ita
195 1626 234 1686 ut
252 1623 403 1688 adversus
423 1645 497 1688 eum
516 1643 649 1706 quoque,
669 1624 724 1707 qui
742 1644 775 1687 se
791 1623 955 1687 dominum
970 1645 1039 1688 esse
1054 1624 1142 1709 dicit,

128 1711 276 1776 actiones
291 1711 321 1775 ei
335 1733 402 1776 non
417 1712 624 1795 denegentur,
639 1733 855 1796 quascumque
870 1712 1034 1776 intendere
1049 1713 1139 1777 velit:

128 1800 208 1884 quid
236 1800 322 1864 enim
350 1800 378 1864 si
406 1822 488 1884 quae
515 1800 599 1864 tales
625 1802 701 1878 sint,
731 1804 768 1864 ut
790 1805 934 1884 tempore
959 1805 1015 1865 aut
1037 1805 1140 1866 morte

127 1889 314 1954 intereant?
357 1910 455 1972 quare
473 1910 540 1953 non
559 1889 752 1954 concedatur
771 1889 909 1952 ailitem
929 1891 1139 1954 contestando

127 1978 164 2042 in
200 1981 309 2042 tutum
343 1998 397 2042 eas
429 1976 596 2062 redigere?
653 1976 782 2043 Servius
815 1978 862 2042 ait
892 1979 926 2041 in
958 1978 1140 2042 actionibus

129 2066 247 2132 annuis
272 2088 311 2130 ex
334 2088 372 2131 eo
395 2070 542 2150 tempore
566 2089 688 2130 annum
711 2068 831 2150 cedere,
854 2088 893 2131 ex
912 2089 975 2151 quo
995 2066 1034 2130 lis
1056 2067 1138 2131 ordi-

128 2159 208 2220 nata
231 2154 283 2220 sit.

541 2249 588 2308 De
609 2251 727 2323 capitia.

219 2367 284 2433 63?
312 2367 351 2432 D.
370 2368 423 2450 23,
438 2369 467 2446 2,
483 2369 512 2432 6.
552 2367 714 2451 Ulpianus
736 2369 819 2432 libro
839 2370 1007 2453 trigesimo
1027 2369 1139 2453 quinto

128 2457 170 2522 ad
194 2454 350 2521 Sabinum
374 2455 423 2542 (P.
445 2453 572 2543 279712).
617 2456 763 2540 Denique
787 2453 891 2520 Cinna
916 2457 1041 2522 scribit:
1066 2480 1139 2522 eum

128 2545 185 2630 qui
213 2547 380 2609 absentem
409 2545 533 2628 accepit
558 2566 703 2626 uxorem,
731 2544 845 2608 deinde
869 2545 995 2608 rediens
1020 2567 1039 2608 a
1062 2567 1140 2610 cena

127 2635 221 2698 iuxta
250 2633 393 2698 Tiberim
425 2635 576 2718 perisset,
609 2633 650 2696 ab
682 2654 780 2698 uxore
808 2633 982 2717 lugendum
1010 2655 1139 2716 respon-

127 2745 199 2787 sum
224 2725 282 2787 est.

218 2833 315 2892 Servii
333 2851 508 2910 responsum
526 2852 591 2892 esse
610 2834 717 2908 potest.
753 2833 789 2891 ef.
808 2833 844 2890 D.
861 2835 911 2910 19,
927 2835 955 2908 5,
972 2835 1021 2893 23.
1060 2827 1139 2893 ‘Duo

127 2922 293 2982 secundum
308 2922 439 2981 Tiberim
458 2941 526 2982 oum
544 2915 746 2980 ambularent'
765 2925 795 2980 et
814 2943 841 2998 q.
857 2940 880 2981 s.
899 2915 992 3002 (infra
1010 2943 1039 2980 n.
1051 2918 1139 3001 133).

218 3010 305 3080 Quod
332 3011 370 3070 ad
392 3031 456 3070 rem
480 3011 601 3083 attinet,
630 3011 666 3069 cf.
689 3010 725 3068 D.
746 3012 797 3088 23,
813 3013 841 3085 2,
856 3012 884 3070 5.
930 3011 1014 3070 Idem
1038 3004 1138 3088 (Pom-

127 3091 251 3181 ponius)
267 3100 345 3159 libro
360 3102 589 3176 quartodecimo
604 3099 642 3158 ad
656 3097 799 3158 Sabinum
813 3091 860 3180 (P.
872 3092 959 3180 594).
984 3099 1139 3158 Mulierem

128 3189 248 3248 absenti
275 3207 329 3263 per
356 3189 474 3248 litteras
501 3188 565 3246 eius
591 3189 640 3246 vel
665 3207 719 3262 per
744 3189 886 3246 nuntium
912 3207 1000 3264 posse
1027 3187 1138 3246 nubere

126 3276 240 3354 placet,
274 3279 300 3336 si
327 3277 360 3336 in
387 3277 508 3336 domum
534 3277 599 3336 eius
627 3276 839 3347 deduceretur,
869 3295 936 3334 eam
961 3295 1033 3336 vero
1062 3293 1138 3352 quae

128 3365 248 3425 abesset
266 3384 303 3424 ex
320 3365 432 3424 litteris
450 3365 500 3424 vel
517 3365 623 3444 nuntio
643 3384 696 3423 suo
716 3365 785 3423 duci
803 3384 821 3424 a
839 3365 947 3422 marito
966 3383 1026 3422 non
1042 3381 1138 3438 posse,

128 3453 307 3513 deductione
339 3455 420 3512 enim
447 3471 521 3529 opus
550 3471 614 3512 esse
643 3447 787 3530 <uxoris>
814 3456 846 3510 in
872 3452 988 3525 mariti,
1020 3471 1080 3511 non
1107 3453 1139 3510 in

128 3543 230 3602 uxoris
254 3543 376 3601 domum
400 3544 485 3619 quusi
508 3542 539 3600 in
563 3541 746 3600 domicilium
768 3539 960 3600 matrimonii.
