2600 3908
316 201 340 251 7.
365 197 396 263 Q.
416 195 551 254 nuclus
571 197 600 250 P.
615 196 645 252 F.
661 198 690 251 P.
705 197 738 250 N.
755 196 944 252 SCAEVOLA
1092 199 1134 262 87
1206 239 1209 244 .

125 361 243 445 possit3
276 382 351 424 nam
385 383 423 424 ea
454 381 505 424 res
538 383 575 426 eo
605 360 760 444 pertinet,
791 361 841 425 uti
867 365 991 426 tutores
1020 362 1134 445 sciant,

124 471 207 536 quae
225 449 376 514 voluutas
395 449 562 514 testatoris
580 449 654 532 fuit,
672 451 720 514 uti
737 449 866 534 possint
878 472 949 514 eam
963 451 1134 535 pecuniam

124 541 194 604 sine
216 538 360 622 periculo
385 539 469 602 dare.
510 537 722 604 POMPONIUS.
759 539 794 603 in
816 539 1019 604 testamentis
1039 561 1135 624 quao-

124 628 199 692 dam
223 627 419 710 scribuntur,
448 649 529 711 quac
553 627 594 692 ad
618 627 844 692 auctoritatem
866 627 1035 692 dumtaxat
1058 629 1135 693 seri-

125 717 233 781 bentis
256 718 439 780 referuntur
456 737 515 781 nec
535 715 769 802 obligationem
788 717 917 801 pariant
935 764 1054 783 ......
1074 716 1135 782 ita·

123 827 187 890 que
205 805 284 870 haec
303 804 414 882 Quinti
433 803 532 869 Mucii
552 808 725 889 scriptura:
745 804 852 869 ‘liberi
871 805 934 868 mei
952 805 1009 870 ubi
1029 811 1134 891 sunto,

123 895 180 958 ubi
210 915 265 958 eos
293 897 397 957 mater
425 915 481 958 sua
509 915 578 957 esse
606 893 713 973 volet’,
746 895 868 958 nullam
898 894 1133 980 obligationem

122 982 223 1068 parit,
252 982 306 1046 sed
334 983 374 1047 ad
404 984 629 1048 auctoritatem
658 983 800 1048 defuncti
823 983 1077 1048 conservandam
1101 985 1133 1049 id
1181 1045 1183 1049 ,

124 1071 309 1156 pertinebit,
332 1075 368 1134 ut
391 1070 445 1135 ubi
469 1071 599 1135 iusserit
618 1071 664 1136 ibi
683 1072 757 1137 sint.
799 1093 857 1136 neo
876 1078 985 1137 tamen
1005 1095 1133 1155 semper
1204 1147 1209 1156 ,

124 1163 274 1224 voluntas
302 1161 370 1224 eius
399 1165 456 1224 aut
481 1161 604 1224 iussum
633 1161 816 1226 conservari
843 1161 951 1239 debet,
980 1161 1080 1226 veluti
1106 1164 1134 1226 si

123 1253 254 1333 praetor
281 1249 394 1314 doctus
423 1249 466 1312 sit
492 1271 559 1314 non
587 1249 734 1334 expedire
760 1251 918 1333 pupillum
942 1271 980 1314 eo
1005 1252 1134 1332 morari,

123 1338 179 1402 ubi
202 1341 295 1420 pater
318 1338 448 1402 iusserit
469 1338 523 1402 ret.

211 1431 300 1492 Hunc
327 1433 426 1491 locum
448 1432 577 1508 pessime
601 1450 619 1490 a
642 1431 822 1492 Triboniano
847 1432 1045 1492 constitutum
1068 1449 1133 1493 esse

122 1523 261 1598 apparet:
292 1539 363 1580 nam
394 1539 442 1579 res
474 1520 607 1579 diversas
639 1519 669 1578 in
700 1539 793 1578 unum
821 1521 1014 1582 commiscuit.
1064 1540 1133 1582 cum

121 1611 352 1687 testamentum,
384 1627 403 1668 a
434 1627 494 1684 quo
527 1608 623 1668 oratio
656 1608 776 1687 incipit,
808 1609 913 1668 matris
945 1611 1133 1671 voluntatem

122 1703 258 1775 spectare
285 1699 401 1775 iubeat,
433 1699 459 1756 si
486 1700 663 1774 quaeratur,
690 1697 745 1756 ubi
771 1697 926 1757 testatoris
953 1699 1040 1758 liberi
1068 1717 1133 1759 esse

121 1788 263 1866 debeant,
295 1790 401 1863 postca
432 1787 468 1845 de
500 1787 596 1862 patris
629 1790 747 1845 tantum
779 1786 937 1846 voluntate
967 1787 1133 1850 disseritur.

120 1875 237 1936 aceedit
260 1876 340 1954 quod
363 1895 430 1935 cum
453 1878 668 1936 testamentum
691 1875 727 1934 de
747 1874 865 1934 heredis
883 1879 1001 1934 tautum
1021 1876 1134 1953 obliga·

121 1966 204 2024 tione
232 1965 325 2038 dicat,
353 1983 388 2024 ex
410 1965 572 2040 improviso
595 1969 711 2024 tutores
735 1964 980 2041 introducuntur,
1008 1965 1060 2042 qui
1083 1985 1134 2042 pe·

120 2055 241 2114 cuniam
264 2053 334 2112 dare
357 2054 456 2113 nolint
479 2054 506 2112 ei
530 2053 610 2130 apud
631 2073 720 2129 quem
743 2053 833 2112 liberi
854 2053 921 2114 sint

211 2143 315 2220 Neque
348 2161 424 2219 quae
457 2143 657 2202 Tribonianus
686 2142 850 2219 Pomponio
883 2142 1005 2222 tribuit,
1036 2163 1132 2220 neque

120 2251 198 2308 quae
223 2231 367 2302 Quintum
389 2231 522 2291 Mucium
545 2231 655 2290 dixisse
677 2231 782 2308 tradit,
808 2231 897 2290 fidem
920 2231 1044 2291 habeut:
1072 2233 1132 2309 ipsi

120 2321 220 2380 Mucio
248 2321 303 2380 sub
326 2319 482 2396 Pomponii
508 2319 627 2379 nomine
651 2319 867 2379 Tribonianum
890 2321 1037 2398 quaedam
1060 2323 1131 2381 sub·

120 2411 227 2470 iecisse
245 2413 326 2486 puto.
364 2409 395 2468 id
414 2408 506 2468 verba
524 2409 631 2469 docent
650 2402 731 2467 ‘nam
750 2428 785 2468 aa
802 2428 851 2468 res
870 2427 905 2469 eo
924 2411 1064 2487 pertinet,
1106 2411 1132 2470 ti

120 2503 238 2559 tutores
266 2499 363 2558 sciant
390 2517 465 2575 quac
493 2499 634 2557 voluntas
661 2498 816 2557 testatoris
844 2497 917 2573 fuit,
944 2499 992 2556 ui
1014 2499 1132 2574 possint

120 2607 187 2647 carn
207 2587 363 2663 pecuniam
382 2587 445 2645 sine
463 2586 597 2662 periculo
617 2579 709 2646 dare'.
742 2587 777 2644 cf.
798 2604 889 2660 supra
907 2607 935 2661 p.
952 2589 1002 2646 68.
1038 2588 1130 2646 etiam

120 2676 296 2736 testamenti
309 2676 402 2752 ipsius
417 2677 509 2735 verba
523 2694 541 2734 a
555 2674 737 2734 Triboniano
752 2677 871 2733 mutata
885 2678 963 2734 sunt.
996 2675 1130 2734 Mucium

120 2785 181 2825 non
195 2783 301 2824 aureos
315 2765 483 2824 nominasse
496 2763 689 2823 manifestum
700 2766 758 2840 est,
773 2781 869 2839 neque
883 2765 1012 2823 testator
1027 2763 1130 2825 iubere

120 2854 235 2930 potuit,
266 2854 338 2930 ipsis
371 2853 440 2912 filiis
472 2853 651 2929 filiabusque
684 2852 788 2910 cibarii
819 2851 938 2912 nomine
969 2855 1130 2930 pecuniam

119 2943 199 3020 dari,
227 2943 307 3018 quod
331 2943 435 3002 verba:
464 2937 578 3019 ‘eisque
601 2943 687 3001 heres
711 2939 834 3001 damnas
857 2943 922 3001 esto
946 2934 1029 3002 dare’
1052 2962 1131 3004 nunc

120 3031 249 3107 faciunt3
277 3030 416 3106 denique,
444 3031 470 3090 si
492 3031 548 3090 hoc
571 3031 721 3106 iussisset,
749 3030 847 3090 dicore
869 3050 930 3090 non
952 3033 1053 3108 potuit
1077 3028 1131 3092 ‘eis

120 3123 193 3180 darc
217 3167 245 3180 ..
269 3120 305 3178 in
327 3137 460 3195 pueros
482 3120 698 3196 puellasque
721 3113 911 3197 singulas'.

209 3209 336 3286 Mucius,
359 3209 391 3268 ni
408 3209 507 3285 fallor,
529 3227 589 3268 non
607 3209 638 3267 id
657 3209 755 3266 dicere
773 3209 879 3285 voluit,
898 3213 1026 3268 matrem
1044 3210 1130 3268 fami·

120 3299 177 3358 lios
204 3299 307 3358 liberis
336 3298 418 3356 aliud
445 3297 627 3356 domicilium
651 3298 802 3372 assignare
826 3316 912 3373 posse
936 3317 1027 3375 quam
1050 3300 1131 3374 quod

120 3390 188 3463 ipsa
206 3387 325 3463 habeat,
344 3387 396 3445 sed
410 3388 465 3445 hoe
478 3390 607 3459 tautum,
626 3385 846 3444 matrifamilias
861 3386 1016 3446 decernere
1030 3387 1130 3462 licere,

119 3475 173 3535 ubi
192 3494 270 3534 cum
287 3475 383 3534 filiis
402 3475 503 3535 vivere
520 3475 603 3535 velit.
638 3475 741 3551 itaque
759 3473 840 3549 quod
859 3474 896 3532 ad
915 3478 1130 3533 testamentum

119 3565 244 3642 attinet,
271 3564 362 3624 Mucii
389 3565 473 3623 nulla
500 3565 560 3624 alia
587 3563 679 3624 verba
706 3561 847 3622 videntur
873 3579 937 3620 esse
962 3563 1022 3621 nisi
1044 3563 1129 3622 haec:
