2614 3914
166 178 232 242 330
259 177 333 234 VIII.
349 176 484 232 OCTAVI
499 177 599 234 SAEC.
609 177 704 232 IURIS
722 176 1025 232 censuissemus
1040 177 1181 234 TERTIA

165 365 243 406 nono
262 345 375 405 decimo
390 345 592 424 Digestorum,
607 344 896 406 Commentariorum
915 345 1044 422 septimo
1060 341 1179 408 scribit’

94 457 97 464 ⁴
165 432 215 504 (D.
235 438 286 512 34,
307 438 335 511 2,
357 439 406 512 19,
427 430 471 513 6),
495 437 525 494 et
547 435 596 494 hic
618 434 745 494 Alfenus
769 433 880 513 Varus,
906 435 957 512 qui
978 435 1058 494 idem
1081 437 1181 496 tradit

166 518 209 582 ‘in
231 519 311 584 libro
330 524 526 601 Digestorum
548 523 698 584 tricesimo
719 525 749 582 et
768 526 885 602 quarto,
908 522 1180 586 Coniectaneorum
1287 547 1290 552 ·

165 617 267 672 eutem
290 607 440 672 secundo’.

193 727 196 732 ¹
252 700 296 760 Ut
315 701 523 778 Epistularum
547 703 578 760 et
597 701 819 778 Quaestionum,
843 701 886 760 sic
909 702 1001 760 etiam
1021 701 1180 763 Commen-

164 791 312 850 tariorum
331 793 361 850 et
376 789 642 850 Coniectaneorum
661 789 746 849 libris
761 791 923 866 scriptores
938 789 1072 868 singulas
1087 811 1179 869 quas·

164 879 233 938 dam
254 875 309 938 ¹res
336 879 486 956 responsis
513 879 682 939 illustrasse
709 881 797 955 puto,
830 881 991 954 antequam
1018 880 1178 941 universas

165 972 248 1028 certa
274 967 390 1026 ratione
414 971 505 1045 atque
529 967 631 1026 ordine
654 967 849 1046 Digestorum
875 967 960 1046 libris
984 973 1178 1044 exponerent.

126 1123 128 1126 ¹
166 1055 431 1116 Coniectaneorum
458 1075 567 1116 nomen
594 1057 626 1114 id
653 1057 716 1115 fere
744 1055 894 1134 significat
921 1055 1001 1134 quod
1023 1061 1178 1118 nostrates

74 1152 78 1166 ’
164 1139 389 1204 ‘Vermischtcs'
417 1147 599 1220 nuncupant.
645 1145 748 1204 eodem
772 1145 864 1204 titulo
887 1148 992 1220 postea
1015 1143 1046 1204 C.
1066 1145 1178 1207 Ateius

164 1229 270 1311 Capito
294 1252 366 1294 usus
389 1237 443 1294 est.
489 1235 525 1294 cf.
549 1233 685 1312 Krueger
707 1255 735 1310 p.
755 1229 827 1294 146.

253 1322 334 1394 Quas
357 1341 404 1382 res
423 1322 550 1382 Alfenus
570 1321 776 1382 Coniectaneis
799 1321 884 1381 libris
904 1323 1092 1400 tractaverit,
1116 1343 1178 1384 non

163 1411 260 1488 magis
293 1413 402 1471 scimus
436 1431 526 1489 quam
559 1415 632 1490 quot
663 1411 734 1470 libri
766 1411 891 1470 fuerint:
927 1430 1021 1470 unum
1052 1414 1177 1472 tantum

163 1501 365 1577 fragmentum
388 1520 406 1560 a
430 1500 527 1561 Gellio
552 1503 705 1561 serratum
728 1503 782 1560 est.

252 1609 334 1675 Call.
359 1611 439 1694 ab,
461 1613 489 1676 1.
543 1611 680 1676 Alfenus
776 1611 810 1672 in
846 1609 929 1674 libro
963 1609 1177 1694 Digestorum

162 1699 327 1765 tricesimo
356 1706 389 1764 ct
416 1705 545 1786 quarto,
574 1698 863 1766 Coniectaneorum
887 1701 995 1769 autem
1019 1701 1178 1765 secundo:

161 1790 197 1853 in
226 1788 355 1873 femere,
387 1789 505 1874 inquit,
536 1791 617 1872 quod
646 1791 726 1854 iuter
752 1789 903 1876 populum
935 1787 1116 1854 Romanum
1148 1795 1178 1854 et

162 1877 428 1962 Carthaginienses
452 1879 571 1958 fuctum
597 1883 652 1961 est,
679 1879 826 1960 seriptum
853 1877 1009 1941 iuvenitur
1035 1880 1069 1942 et
1099 1901 1129 1962 q.
1150 1901 1177 1944 s.

251 2011 279 2050 v.
303 2009 393 2066 supra
415 1991 608 2068 Digestorum
631 1991 737 2066 fragm.
758 1991 809 2048 92.

587 2181 746 2188 ———

442 2318 480 2400 2.
519 2318 675 2396 nunus
708 2323 892 2396 criasus
938 2375 940 2378 .
1041 2275 1042 2280 Ν

136 2484 139 2490 “
251 2475 347 2537 Servii
384 2475 509 2553 Sulpicii
544 2477 613 2536 Rufi
649 2477 782 2550 auditor,
819 2475 970 2536 Ciceronis
1007 2480 1037 2536 et
1076 2477 1176 2540 Attici

161 2565 282 2644 amicus,
307 2559 440 2626 ‘Caesari
466 2559 740 2644 familiarissimus',
768 2565 819 2642 qui
845 2569 948 2624 tamen
975 2560 1019 2624 ‘in
1041 2569 1174 2644 equestri

76 2655 78 2660 ’
162 2656 263 2716 ordine
281 2651 498 2732 perseveravit’
516 2648 712 2735 (Pomponius
732 2645 833 2736 544).
865 2673 926 2713 non
943 2653 1031 2714 modo
1049 2673 1174 2732 respou-

162 2745 251 2804 dendi
273 2763 395 2804 munere
417 2745 537 2804 functus
561 2747 615 2822 est,
638 2744 691 2804 secl
714 2744 804 2803 etiam
829 2737 932 2803 ‘libros
952 2743 988 2802 de
1006 2744 1070 2802 iure
1091 2745 1174 2806 civili

160 2833 306 2908 plurimos
337 2836 368 2892 et
398 2833 451 2910 qui
480 2852 597 2892 omnem
626 2835 744 2908 partem
774 2831 871 2907 operis
904 2832 1068 2892 fundarent
1101 2835 1172 2893 reli·

162 2915 239 2997 quit'
259 2913 456 3000 (Pomponius
475 2922 494 2980 1.
513 2916 556 3000 L).
593 2921 673 2980 inter
696 2920 847 2980 auditores
870 2919 978 2981 habuit
996 2919 1030 2990 Q.
1049 2921 1172 2982 Aelium

162 3009 361 3084 Tuberonem,
393 3009 560 3068 Antistium
587 3009 756 3068 Labeonem
784 3012 815 3068 et
842 3008 966 3068 Ateium
993 3008 1172 3086 Capitonem

161 3091 358 3178 (Pomponius
386 3090 497 3177 ἓ47),
530 3097 717 3156 Tuberonem
744 3100 813 3172 post
839 3117 864 3156 a.
886 3091 1009 3179 rossus
1034 3130 1077 3140 -
1101 3119 1171 3160 nam

160 3187 209 3247 hic
232 3181 365 3247 ‘transiit
388 3205 406 3245 a
429 3187 526 3246 causis
550 3185 673 3264 agendis
696 3185 735 3245 ad
757 3185 804 3246 ius
823 3187 919 3263 civile,
942 3187 1070 3246 maxime
1088 3193 1171 3263 post-

161 3296 252 3354 quam
284 3275 428 3346 Quintum
460 3275 617 3354 Ligarium
653 3275 805 3335 accusavit
837 3294 894 3346 nec
926 3276 1057 3352 optinuit
1090 3278 1172 3353 apud

162 3364 269 3424 Gaium
289 3358 457 3426 Caesarem’
482 3358 678 3447 (Pomponius
696 3361 716 3440 ξ
737 3355 794 3446 46)
811 3395 859 3440 -,
879 3383 937 3441 quo
960 3368 1095 3440 tempore
1113 3365 1171 3426 La-

160 3453 286 3513 beonem
313 3456 362 3514 vel
385 3453 561 3530 Capitonem
585 3472 644 3512 non
667 3452 812 3513 traditum
837 3453 895 3528 cst3
924 3455 957 3511 at
978 3453 1064 3512 illum
1089 3454 1171 3514 intra

161 3559 186 3598 a.
203 3538 324 3621 697s53
344 3547 375 3602 et
393 3563 418 3602 a.
436 3537 569 3622 rosseo,
588 3543 667 3601 hunc
685 3543 766 3601 intra
780 3561 806 3601 a.
818 3535 940 3620 723s31
959 3545 990 3600 et
1004 3561 1029 3600 a.
1042 3536 1169 3622 718l36
