2600 3908
177 219 220 282 86
257 219 304 273 IV.
324 217 470 274 SEPTIMI
486 217 585 275 SAEC.
600 218 696 272 IURIS
712 217 887 275 consum.
901 219 1027 276 sumus
1041 221 1188 277 ALTERA

177 381 395 464 admonuisse,
423 381 507 465 quod
536 381 666 465 quidam
694 382 834 466 quinque
862 371 980 469 geirera
1008 405 1077 448 esse
1100 385 1187 450 dixe-

175 473 262 552 runt,
289 473 327 534 ut
355 469 392 546 Q.
416 469 556 553 Muoius,
584 471 641 534 alii
668 471 746 554 tria,
773 475 810 536 ut
836 468 903 536 Ser.
927 471 1101 556 Sulpicius,
1130 475 1188 539 alii

175 559 252 640 duo,
275 563 312 623 ut
337 557 454 623 Labeo.

264 665 351 729 ‘Man
383 670 451 730 dart
481 670 561 730 wohl
593 671 650 730 mit
680 671 795 748 einiger
822 669 990 731 Sioherheit
1019 677 1187 749 vermutan,

174 760 243 820 dass
258 759 380 820 Servius
398 760 446 819 dio
464 760 580 836 speeies
598 760 712 819 tutelae
730 761 807 818 nach
820 760 917 819 ihrem
931 761 1063 820 Rechts
1069 762 1188 836 grand

173 849 206 909 in
224 868 336 927 genera
353 847 632 908 zusammenfasste:
653 849 801 926 legitima,
818 850 1055 926 testamentaria,
1074 851 1186 928 dativa,

174 937 242 998 dass
276 937 411 1015 dagegen
437 937 538 997 Labeo
572 937 619 998 die
646 937 902 997 bevormuudeten
930 937 1112 998 Personen
1139 941 1186 999 als

173 1025 466 1103 Einteilungsgrund
493 1026 633 1086 bonutzto
656 1027 719 1086 und
742 1026 849 1085 derum
872 1027 971 1086 tutela
992 1017 1186 1103 impuberum

173 1115 236 1174 und
263 1115 425 1174 mulierum
452 1115 653 1175 untersohied.
698 1115 840 1174 Daduroh
867 1114 943 1174 wind
970 1135 1040 1174 man
1067 1135 1104 1176 zu
1131 1116 1187 1176 der

172 1203 329 1262 Annahme
357 1203 494 1281 gefuhrt,
522 1202 591 1263 dass
615 1202 648 1273 Q.
667 1204 785 1264 Muoius
812 1203 909 1280 einige
933 1204 1045 1279 speeies
1069 1198 1185 1266 tutelae

171 1292 217 1352 als
249 1311 361 1370 genera
392 1285 572 1352 behaudolte
604 1293 667 1352 und
698 1296 777 1352 etwa
808 1309 840 1352 so
871 1292 1018 1352 einteilte:
1051 1293 1185 1374 adgnati,

170 1381 300 1458 patroni,
318 1380 555 1458 testamentaria,
574 1381 719 1454 Atiliana,
739 1373 897 1458 specialis'.
938 1381 1062 1443 Pernioe
1081 1381 1184 1444 Labeo

169 1469 198 1549 I,
218 1471 313 1545 23sq.

258 1571 289 1636 2.
307 1571 400 1636 Auot.
419 1571 495 1655 epit.
515 1571 553 1636 de
569 1571 691 1637 nomin.
705 1573 765 1635 rat.
779 1575 855 1656 post
868 1569 976 1637 Valer.
990 1570 1121 1637 Maxim.
1140 1609 1180 1620 —

169 1655 281 1725 Pueris
300 1681 365 1726 non
385 1659 473 1744 prius
492 1682 588 1744 quam
602 1665 715 1744 togam
730 1659 856 1724 virilem
871 1665 1043 1741 sumerent,
1063 1661 1183 1744 puellis

169 1771 235 1814 non
270 1753 444 1834 antequam
475 1749 647 1834 nuberent,
680 1750 892 1831 praenomina
924 1749 1048 1834 imponi
1081 1751 1183 1816 moris

168 1838 269 1902 fuisse
293 1837 330 1915 Q.
355 1837 509 1902 Scaevola
532 1842 644 1902 auctor
667 1840 725 1901 est.

257 1942 302 2000 De
317 1939 410 2001 Muoii
424 1940 503 2002 dioto
518 1939 729 2000 aMommseno
743 1939 852 2000 roieoto
866 1959 894 2001 v.
905 1939 1046 2000 Karlowa
1056 1941 1095 2016 II,
1107 1943 1182 2002 188.

258 2045 288 2108 3.
316 2041 354 2106 D.
373 2042 425 2123 26,
446 2044 475 2123 1,
494 2043 572 2122 3pr.
613 2038 773 2124 Ulpianus
803 2041 884 2106 libro
912 2042 1081 2126 trigesimo
1109 2066 1183 2127 sep·

169 2131 250 2194 timo
266 2130 306 2194 ad
322 2128 477 2194 Sabinum
491 2126 541 2216 (P.
551 2128 663 2216 2836).
695 2129 757 2207 Qui
771 2130 870 2194 habet
883 2133 1023 2195 tutorem
1037 2131 1181 2215 pupillus

159 2220 221 2289 ,vel
248 2218 371 2303 pupilla
399 2218 426 2282 si
453 2219 559 2283 furere
583 2218 762 2304 coeperint,
789 2219 824 2283 iu
846 2239 884 2283 ea
907 2239 1002 2284 eausa
1025 2224 1116 2303 sunt,
1143 2227 1183 2286 ut

168 2309 203 2372 in
229 2309 333 2372 tutela
359 2306 462 2374 nihilo
486 2308 593 2372 minus
617 2308 747 2390 durent,
776 2329 858 2392 quae
881 2307 1042 2372 sententia
1066 2307 1181 2385 Quinti

169 2418 296 2550 quoq?
305 2395 432 2550 iiiii.
441 2396 531 2551 limt-
545 2483 630 2568 <Qui
645 2507 664 2548 a
678 2483 833 2568 muliere>
847 2485 917 2550 sine
934 2485 1053 2550 tutoris
1069 2489 1179 2550 auoto-

167 2573 265 2639 ritate
284 2575 388 2639 sciens
408 2595 477 2639 rem
495 2574 637 2658 manoipi
655 2575 733 2638 emit
750 2575 801 2638 vel
820 2573 903 2638 falso
921 2579 1030 2638 tutore
1047 2579 1179 2640 auctore

168 2685 263 2747 quem
292 2663 365 2728 eoiit
390 2685 456 2728 non
484 2685 569 2745 esse,
599 2684 667 2727 non
695 2662 822 2728 videtur
852 2664 935 2727 bona
962 2663 1025 2726 lide
1053 2663 1179 2729 emisse.

166 2753 277 2836 itaquo
297 2757 329 2816 et
347 2757 471 2816 veteres
491 2755 610 2835 putant
626 2756 660 2816 et
674 2747 814 2816 Sabinus
829 2755 862 2816 et
876 2750 1007 2817 Cassius
1023 2751 1179 2817 scribunt.

255 2854 357 2912 Etiam
376 2853 510 2913 Munium
532 2854 564 2912 id
586 2853 707 2913 donuise
729 2854 892 2914 verisimile
915 2854 1044 2916 videtur.

255 2954 285 3017 5.
308 2953 346 3018 D.
366 2954 506 3038 33,1,7.
547 2953 746 3038 Pomponius
769 2953 853 3019 libro
877 2959 992 3020 octavo
1015 2955 1056 3020 ad
1075 2955 1176 3032 Quin-

165 3045 235 3107 tum
263 3041 405 3106 Munium
436 3041 485 3127 (P.
505 3040 592 3128 258).
638 3041 777 3118 Quintus
806 3043 931 3107 Mucius
960 3045 1021 3108 ait:
1048 3045 1075 3108 si
1104 3046 1177 3129 quis

164 3129 200 3196 in
235 3135 430 3196 testamento
462 3131 510 3195 ita
543 3131 683 3215 scripsit:
720 3129 793 3194 ‘filii
824 3131 974 3216 filiaeque
1006 3154 1097 3197 meae
1129 3133 1178 3197 ibi

166 3224 272 3304 snnto,
294 3219 350 3284 ubi
375 3241 429 3285 eos
449 3223 551 3285 mater
570 3242 629 3284 sua
648 3241 718 3284 esse
737 3220 825 3285 volet
843 3221 953 3306 eisque
972 3221 1065 3286 heres
1084 3244 1176 3286 meus

165 3310 200 3374 iu
233 3330 335 3374 annos
368 3309 513 3395 singulos
542 3309 640 3394 inque
667 3330 784 3392 pueros
812 3311 1001 3396 puellasque
1030 3310 1174 3394 singulas

166 3399 302 3464 damnas
331 3402 401 3464 esto
429 3399 504 3463 dare
533 3399 647 3463 cibarii
673 3399 804 3464 nomine
830 3422 944 3464 aureos
969 3399 1099 3464 deoem'.
1146 3401 1175 3464 si

166 3493 290 3554 tutores
311 3510 381 3553 eam
399 3489 568 3573 pecuniam
587 3488 662 3552 dare
681 3488 798 3554 uolunt
817 3490 845 3554 ei
866 3489 951 3574 apud
971 3509 1066 3572 quem
1082 3489 1175 3572 pueri

166 3583 263 3662 atque
281 3578 408 3662 puellae
428 3582 512 3662 sunt,
531 3578 613 3642 nihil
632 3583 692 3662 est,
710 3578 796 3663 quod
815 3600 853 3642 ex
870 3582 1064 3642 testamento
1080 3597 1175 3661 agere
