2588 3908
360 144 384 193 e.
412 137 565 192 suavius
585 137 767 194 sunrrcrus
787 138 905 193 nurus
1073 137 1139 202 205

128 324 210 387 quae
236 325 255 367 a
279 300 391 367 Servio
414 302 600 366 introducta
700 305 758 384 est,
781 305 826 384 ut,
850 302 876 365 si
900 302 1067 366 aversione
1090 302 1138 365 in-

129 393 235 456 sulam
267 391 408 456 locatam
440 390 587 454 dominus
615 391 799 472 reficiendo,
831 411 871 454 ne
900 411 937 458 ca
965 390 1140 456 conductor

127 481 194 545 frui
217 479 331 564 possit,
355 479 504 561 effecerit,
528 480 731 544 animadvert
717 482 814 555 tatur,
838 479 1018 544 necessario
1039 501 1139 544 necne

173 591 286 652 .opus
310 569 481 632 demolitus
506 571 563 632 est.

222 658 295 722 120.
314 655 353 723 D.
365 657 415 740 19,
425 658 445 722 2
447 658 561 739 ,2.1ρι
587 655 723 720 Alfenus
738 656 821 720 libro
838 657 975 722 secundo
991 655 1140 742 Digesto·

128 769 201 811 rum
217 743 266 834 (P.
279 743 343 832 15)
372 707 508 810 Habitat
494 750 581 810 tores
598 767 674 828 non,
693 767 720 809 οι
711 745 836 828 paulo
854 746 959 809 minus
974 745 1140 810 commode

130 836 241 920 aliqua
259 839 351 918 parte
370 835 531 899 caenaculi
546 837 673 898 uterent
659 841 720 916 tur,
740 834 814 897 stat
806 856 850 898 rm
865 834 990 898 deduct‘
966 838 1086 898 tronem
1102 857 1139 898 ex

130 923 276 989 mercede
299 923 405 988 facere
429 927 571 1006 oportet:
601 931 641 987 ea'
662 923 746 986 enim
770 921 957 990 condicione
980 922 1140 988 habitato·

130 1035 200 1077 rem
225 1034 302 1092 esse,
325 1017 371 1096 ιιι,
395 1013 423 1076 si
446 1011 522 1096 quid
541 1012 810 1075 transversarium
829 1011 1004 1094 incidisset,
1028 1034 1140 1096 quarn-

132 1103 244 1166 obrem
273 1101 439 1165 dominum
467 1100 590 1184 aliquid
619 1101 767 1165 demoliri
793 1104 971 1184 oporteret,
1000 1102 1141 1184 aliquam

131 1195 259 1274 partem
273 1189 443 1273 parvulam
456 1189 653 1254 incommodi
669 1190 843 1253 sustineret
849 1192 870 1271 [:
885 1189 1009 1254 nonita
1022 1193 1142 1272 tamen,

131 1284 169 1344 ut
193 1301 265 1343 eam
288 1282 413 1362 partem
433 1277 598 1344 caenaculi
616 1276 764 1342 dominus
784 1279 971 1362 aperuisset,
994 1278 1141 1363 inquam

132 1389 288 1452 magnam
311 1372 435 1450 partem
459 1388 537 1430 usus
560 1366 726 1430 habitator
748 1367 907 1447 haberctl.

222 1470 421 1529 Tribonianus
450 1469 551 1528 Alfeni
579 1469 743 1528 oraticnem
775 1469 864 1528 solito
896 1489 978 1529 more
1004 1472 1142 1530 mutavit.

131 1559 280 1634 scriptum
302 1558 395 1618 fuisse
418 1562 507 1634 puto:
530 1552 725 1617 habitatores
743 1576 842 1617 non..
859 1559 956 1618 facere
976 1554 1142 1635 oportere'

132 1652 163 1707 et
187 1668 213 1725 q.
235 1666 258 1706 s.
298 1647 414 1706 inclusa
436 1648 529 1707 verba
552 1647 586 1705 A.
605 1646 728 1706 Pernice
750 1649 830 1706 recte
854 1645 931 1706 eicit.

224 1750 296 1814 1211.
326 1747 408 1812 Ibid.
428 1751 448 1829 ξ
469 1750 486 1813 1
512 1745 560 1834 (P.
582 1744 708 1833 15).1
708 1751 815 1812 terum
840 1748 1061 1832 interrogatus
1085 1755 1143 1834 est,

132 1839 160 1903 si
190 1838 261 1922 quis
290 1838 417 1902 timoris
445 1860 542 1902 causa
572 1839 775 1920 emigrasset,
808 1837 937 1900 deberet
964 1839 1143 1903 mercedem

131 1949 241 1992 necne.
265 1927 441 2010 respondit,
456 1927 484 1990 si
498 1948 595 1991 causa
609 1925 732 2009 fuisset,
747 1948 804 1990 cur
815 1926 992 2009 periculum
1004 1927 1143 2013 timeret,

132 2016 283 2101 quamvis
303 2017 482 2099 periculum
502 2037 574 2079 vere
593 2037 656 2079 non
677 2014 803 2094 fuisset,
819 2020 929 2078 tamen
947 2037 1011 2080 non
1029 2016 1143 2082 debere

132 2105 328 2169 mercedem:
348 2105 402 2168 sed
419 2105 446 2167 si
461 2126 557 2168 eausa
571 2105 698 2168 timoris
717 2105 802 2168 iusta
816 2125 882 2169 non
897 2103 1022 2189 fuisset,
1040 2106 1142 2173 nihilo

133 2195 241 2258 minus
267 2193 390 2258 debere.

224 2285 321 2346 Schcl.
330 2286 468 2346 adBasil.
476 2286 1054 2365 20,1,27Serviuminterrogatumesse
1062 2289 1145 2351 dicit.

470 2429 514 2483 De
534 2431 639 2484 balucis
656 2431 806 2484 conductis.

228 2531 298 2594 122.
328 2530 367 2595 D.
388 2530 440 2610 19,
454 2531 484 2612 2,
503 2531 555 2612 30,
572 2533 599 2594 1.
640 2529 730 2593 Idem
751 2526 915 2614 (Alfenus)
940 2530 1024 2596 libro
1047 2536 1147 2602 tertio

134 2619 345 2704 Digestorum
375 2642 394 2681 a
420 2618 522 2682 Paulo
551 2619 801 2702 epitomatorum
830 2614 879 2703 (P.
903 2617 969 2702 54).
1020 2619 1148 2692 Aedilis

135 2710 170 2773 in
188 2709 364 2792 municipio
383 2709 515 2772 balneas
534 2707 740 2785 conduxerat,
758 2713 795 2770 ut
814 2728 851 2770 eo
867 2727 952 2770 anno
968 2711 1148 2797 municipes

135 2798 240 2882 gratis
273 2797 465 2861 lavarentur.
516 2800 591 2880 post
622 2800 688 2860 tres
722 2817 848 2858 menses
880 2796 1027 2863 incendio
1060 2800 1148 2871 facto

134 2885 304 2971 respondit
331 2907 427 2969 posse
456 2888 510 2969 agi
537 2908 608 2950 cum
637 2885 768 2948 balneat
754 2889 824 2948 tore
848 2905 887 2948 ex
910 2886 1069 2955 conducto
1075 2900 1150 2973 ,ut

133 2998 194 3060 pro
209 2975 359 3076 portione
374 2974 540 3058 temporis,
555 2995 618 3058 quo
633 2974 829 3038 lavationem
840 2995 905 3038 non
920 2978 1149 3067 praestitisset,

134 3064 291 3150 pecuniae
315 3083 375 3126 con
376 3064 488 3127 tribut
465 3067 511 3126 ιιο
534 3063 635 3128 fieret.

13 3193 15 3240 l
227 3166 262 3225 cf.
288 3165 360 3225 cm.
381 3165 416 3242 V,
437 3167 514 3226 376:
547 3166 658 3225 colonis
685 3165 790 3226 incolis
817 3166 983 3244 peregrinis
1011 3170 1149 3234 lavandis

136 3255 232 3333 gratis
253 3247 404 3336 d(eureto)
424 3246 648 3336 d(ecurionum)
667 3247 822 3334 p(ecunia)
841 3247 992 3337 p(ublica)
1006 3259 1149 3333 positum.

307 3398 350 3452 Dc
368 3398 450 3451 molis
469 3398 506 3451 cd
524 3404 624 3453 certum
638 3400 749 3467 pondos
766 3399 856 3452 oneris
875 3399 977 3453 locatis.

227 3524 255 3563 v.
273 3503 353 3562 infra
376 3496 423 3562 ‘de
448 3503 554 3562 damno
578 3503 689 3561 iniuria
712 3495 802 3562 dato'.
