2588 3908
177 209 242 273 202
278 208 325 264 VI.
348 205 716 264 ocvnvre1n0.1un1s
736 207 909 264 CONSULT.
924 207 1050 264 SERIES
1069 209 1185 264 PRIMA
1286 181 1287 188 i

176 371 295 439 locavit
318 376 350 436 et
372 372 471 436 boves
495 371 524 436 ei
548 370 687 436 dederat.
728 394 799 438 cum
820 371 855 436 hi
872 372 1057 438 boveenon
1076 377 1185 439 essent
1286 363 1287 374 ¹

175 461 291 542 idonei,
314 461 453 525 iusserat
480 481 534 524 eos
558 461 665 524 venire
692 463 724 524 et
746 459 798 524 his
820 461 960 530 nummis
985 463 1040 545 qui
1063 461 1185 548 recepti

176 554 284 614 essent
307 550 395 614 alios«
416 549 568 632 reparari.
614 571 725 613 servus
753 550 852 614 boves
875 549 1074 632 vendiderat,
1103 552 1184 616 alios

175 638 364 722 redemerat,
381 659 531 702 nummos
550 637 709 702 venditori
728 659 792 702 non
812 640 961 721 solverat,
980 643 1095 722 postea
1111 661 1185 704 con·

175 727 369 791 turbaverat.
415 727 469 810 qui
492 727 592 792 boves
615 727 815 810 vendiderat,
840 749 988 792 nummos
1011 750 1031 792 a
1054 729 1184 804 domino

176 817 309 900 petebat
336 817 468 880 notione·
489 815 527 878 de
555 816 681 900 peculio
709 819 768 879 aut
795 817 878 899 quod
905 816 942 880 in
968 837 1035 880 ram
1061 817 1184 882 domini

177 926 306 968 versum
325 910 419 987 esset,
442 926 513 968 cum
531 904 632 969 boves
651 925 710 988 pro
730 904 847 988 quibus
864 905 1185 990 pecunie-peteretur

176 1015 274 1076 penes
301 993 467 1058 dominum
495 999 613 1058 esseut.
658 995 825 1077 respondit
852 1015 918 1058 non
943 994 1045 1058 videri
1067 996 1185 1078 peculii

176 1081 348 1166 quicquam
372 1082 470 1163 esse[,
493 1082 558 1145 uisi
582 1083 609 1145 si
633 1082 709 1166 quid
734 1082 868 1146 deducto
893 1104 940 1165 eo,
963 1083 1050 1166 quod
1072 1105 1185 1148 servus
1285 1147 1287 1172 ,

175 1171 306 1234 domino
336 1170 513 1252 debuisset,
540 1171 700 1254 reliquum
728 1171 843 1252 fieret}
888 1171 969 1236 illud
996 1173 1058 1236 sibi
1081 1173 1209 1264 videri,
1285 1173 1287 1220 i

175 1260 273 1323 boves
298 1260 426 1342 quidem
449 1259 483 1323 in
506 1281 574 1323 rem
598 1259 719 1323 domini
743 1281 852 1324 versos
876 1281 960 1346 esee,
984 1261 1039 1324 red
1063 1283 1122 1344 pro
1146 1283 1186 1326 ea

176 1369 209 1412 re
233 1347 368 1412 solvisse
391 1353 529 1430 tentum,
553 1347 812 1432 quenti-priores
835 1350 934 1413 boves
953 1350 1131 1414 venissent:
1155 1351 1185 1415 si
1285 1341 1287 1396 i

175 1458 239 1522 quo
262 1436 429 1519 amplioris
452 1438 607 1522 pecuniae
630 1438 824 1520 posteriores
848 1438 947 1503 boves
971 1441 1090 1522 essent,
1114 1439 1183 1504 eius

174 1529 322 1608 oportere
347 1526 511 1590 dominum
535 1525 749 1590 condemnari.

263 1615 335 1679 113.
375 1614 413 1678 D.
439 1615 494 1697 19,
513 1616 548 1696 2,
571 1614 628 1696 35,
649 1616 676 1678 1.
734 1614 906 1679 Africanus
944 1615 1029 1680 libro
1066 1620 1183 1681 octavo

175 1703 406 1779 Quaestionum
440 1702 494 1786 (P.
525 1700 636 1790 1001).
691 1701 773 1768 Oum
807 1703 941 1768 fundum
977 1726 1183 1770 communem
1286 1777 1287 1792 ,

173 1792 345 1857 habuimus
366 1797 399 1856 et
417 1793 501 1856 inter
520 1814 580 1856 nos
600 1792 759 1871 convenit,
778 1795 814 1856 ut
833 1793 965 1857 alternis
984 1794 1077 1858 annis
1094 1799 1183 1859 certo
1286 1833 1287 1868 v

174 1882 277 1963 pretio
297 1904 371 1946 eum
386 1881 579 1946 conductum
593 1879 795 1964 haberemur,
818 1885 863 1962 tu,
887 1903 959 1946 eum
983 1886 1058 1947 tuus
1078 1904 1184 1948 annus

174 1972 317 2034 exiturus
342 1973 435 2050 esset,
459 1970 605 2033 consulto
629 1969 770 2032 fructum
793 1969 991 2052 insequentis
1014 1972 1092 2035 euni
1115 1993 1186 2036 cor·

172 2059 289 2140 rupisti
407 2078 502 2140 agam
535 2061 640 2121 tecum
672 2056 795 2121 duabus
825 2059 1019 2141 actionibus,
1050 2081 1117 2124 una
1144 2083 1184 2124 ex

173 2147 343 2223 conductu,
374 2146 476 2209 altera
504 2167 542 2208 ex
569 2146 690 2210 locato:
722 2147 821 2210 locati
850 2147 936 2211 enim
964 2148 1083 2212 iudicio
1111 2171 1184 2214 mea

172 2255 247 2317 pars
280 2233 426 2318 proprie,
458 2233 609 2298 conducti
636 2239 745 2298 autem
773 2236 900 2300 actione
928 2241 986 2300 tua
1014 2237 1184 2302 dumtaxat

172 2323 304 2406 propria
327 2321 360 2386 in
383 2321 538 2386 iudicium
562 2323 660 2387 venit.
697 2323 811 2386 deinde
829 2325 876 2388 ita
894 2328 988 2390 notat
1006 2322 1065 2411 (sc.
1083 2325 1183 2390 Iulia·

171 2407 261 2496 nus):
369 2415 456 2476 recte
480 2410 609 2496 quidem
632 2417 733 2493 notat,
756 2413 810 2476 sed
835 2419 945 2478 tamen
968 2413 1066 2479 etiam
1090 2413 1182 2480 Servi
1285 2443 1287 2472 ι

172 2501 366 2564 sententiam
392 2521 500 2565 veram
524 2521 593 2566 esse
617 2505 696 2584 puto
721 2503 808 2582 [oum
827 2523 864 2564 eo
884 2502 1015 2587 scilicet,
1039 2507 1083 2588 ut,
1108 2525 1182 2568 cum
1285 2511 1287 2586 t

172 2589 330 2654 alterutra
357 2590 483 2654 actione
510 2612 579 2654 rem
609 2591 816 2669 servaverim,
844 2591 947 2654 ultera
972 2593 1182 2675 perematur]
1284 2623 1287 2652 v

259 2683 385 2744 Initium
407 2685 570 2761 fragmenti
589 2684 686 2746 Servii
709 2703 773 2744 esse
798 2703 833 2742 ex
855 2685 955 2744 verbis
976 2685 1008 2744 in
1025 2685 1084 2746 fine
1103 2687 1181 2763 posi-

171 2773 210 2831 tis
238 2773 297 2832 viri
323 2771 403 2832 docti
431 2773 619 2833 concludunt.
667 2773 803 2850 Krueger
826 2794 855 2850 p.
877 2775 939 2834 178
962 2793 990 2834 n.
1011 2777 1061 2836 26.
1108 2775 1183 2834 Kar·
1286 2785 1287 2842 ξ

171 2861 248 2919 lewa
270 2861 299 2937 I,
320 2863 391 2921 714.
426 2861 518 2920 Lenel
541 2863 579 2920 ad
602 2863 630 2922 h.
650 2863 669 2922 1.
694 2853 741 2943 (Ps
761 2857 838 2942 29⁰).
884 2863 1052 2942 quaeritur,
1076 2865 1183 2924 utrum
1286 2899 1287 2902 =

173 2947 269 3006 Servii
304 2967 480 3024 responsum
517 2950 680 3009 habeamus
722 2951 759 3009 ab
801 2949 956 3010 auditore
975 2951 1106 3011 relatum
1142 2972 1182 3012 en

172 3036 268 3095 Servii
291 3038 470 3096 sententiam
493 3039 531 3096 ab
549 3039 615 3114 ipso
633 3040 664 3097 in
683 3037 769 3097 libris
789 3040 852 3098 suis
869 3040 1028 3116 prolatam.
1063 3045 1181 3102 utrum-

171 3143 228 3200 que
255 3143 315 3184 non
341 3126 448 3201 pleeet.
494 3145 564 3185 nem
591 3146 687 3204 neque
716 3130 762 3185 ost
788 3128 946 3205 quisquam
974 3124 1027 3206 qui
1055 3129 1091 3190 de
1116 3132 1182 3190 iure

171 3214 328 3274 consulens
361 3233 424 3274 rem
456 3219 604 3292 proponet
635 3235 730 3292 neque
763 3217 838 3275 iuris
871 3219 1026 3278 consultus
1057 3238 1182 3296 respon·
1279 3231 1287 3294 t

171 3321 237 3361 sum
260 3303 320 3380 dat,
345 3304 395 3362 sed
419 3303 499 3362 idem
521 3304 622 3381 potius
647 3309 677 3364 et
700 3323 802 3364 casum
821 3305 907 3364 finxit
925 3309 956 3366 et
974 3326 1038 3366 rem
1056 3307 1182 3369 decidit:
1286 3309 1287 3366 ὲ

171 3385 207 3450 ³..
227 3395 266 3450 tu
286 3437 310 3451 ..
329 3393 496 3468 corrupisti.
537 3412 639 3470 egam
661 3396 759 3452 tecum
784 3389 826 3453 ..’
848 3395 924 3453 talia
947 3414 1017 3456 vero
1042 3395 1183 3457 Servium
1286 3451 1287 3478 ,

170 3499 230 3540 non
256 3479 365 3540 dixisse
392 3481 481 3540 facile
505 3485 643 3557 apparet:
671 3501 731 3542 non
753 3483 827 3542 iuris
851 3483 980 3542 consulti
1004 3485 1060 3543 sed'
1078 3487 1181 3562 potius
1286 3483 1287 3566 J

169 3571 371 3644 praeceptoris
402 3571 502 3631 verbu
526 3574 605 3631 sunt
656 3571 790 3630 eiusdem
822 3572 940 3648 generis
972 3573 1070 3632 multa
1100 3573 1182 3651 apud
1285 3581 1287 3650 t
