2588 3908
351 195 375 256 8.
402 187 555 243 SERVIUS
574 186 757 243 sunrlclus
775 187 893 244 RUFUS
1060 191 1123 254 221

116 351 257 428 Quintus
281 350 405 416 Mucius
430 351 475 415 sic
499 350 688 435 definiebat,
715 354 885 415 uteorum
909 351 1030 416 cibaria
1053 374 1126 417 con-

115 441 213 505 tineri
238 437 337 526 (penu
355 437 479 526 legata)
502 442 604 522 putet,
627 441 681 524 qui
705 460 785 522 opus
803 461 869 504 non
887 438 1045 524 facerent;
1070 442 1125 505 sed

117 529 289 594 materiam
321 529 472 612 praebuit
504 526 615 592 Servio
647 527 795 611 notandi,
831 532 868 592 ut
900 533 1060 593 textorum
1094 533 1127 594 et

117 618 291 683 textricum
315 617 436 682 cibaria
459 617 579 681 diceret
602 617 766 683 contineri.

208 708 238 772 3.
270 705 410 788 (19114,
434 710 468 789 1,
490 706 542 770 20.
567 742 609 752 -
708 705 747 768 de
770 726 855 788 penu
878 705 1125 772 adscribendum

117 796 180 860 hoc
208 795 306 858 etiam
334 795 460 878 putavi,
489 793 636 858 Servium
659 792 837 878 Sulpicium
865 793 900 857 in
924 795 1126 878 reprehensis

120 881 295 949 Scaevolae
309 883 469 968 capitibus
484 883 660 967 scripsisse,
675 880 756 948 Oato
769 881 862 946 Aelio
876 883 1046 968 placuisse,
1060 906 1127 949 non

118 993 201 1056 quae
225 971 294 1036 esui
318 974 350 1035 et
373 973 431 1055 pot
417 971 465 1034 tui
483 970 600 1054 forent,
623 971 678 1034 sed
697 975 750 1035 tus
770 993 896 1056 quoque
916 975 948 1036 91
966 994 1073 1037 cereos
1092 973 1126 1037 in

116 1022 1126 1246 1211111111111111111111111111.

120 1237 160 1301 ad
188 1234 345 1302 Sabinum
359 1199 417 1322 (P.
436 1200 547 1323 2641).
594 1235 723 1302 Servius
752 1237 837 1320 apud
865 1237 984 1302 Melam
1013 1229 1128 1302 911111-

119 1330 277 1411 guentum
309 1330 342 1391 et
328 1325 503 1391 tchartas
534 1325 618 1409 epist
604 1327 724 1389 tulares
752 1326 898 1409 penoris
910 1347 979 1390 9119
1007 1327 1128 1391 scribit.

208 1428 290 1488 Haeo
308 1447 426 1506 quoque
441 1427 568 1487 sentent
560 1446 590 1486 1a
546 1427 673 1487 thuic
687 1427 763 1488 libro
777 1427 855 1488 bona
870 1429 985 1489 ratione
1000 1429 1128 1488 adscribi

117 1520 232 1594 potest:
256 1537 326 1576 nam
348 1517 386 1576 de
404 1537 439 1576 91
457 1536 489 1576 19
508 1517 557 1578 vel
576 1517 655 1592 apud
673 1519 808 1591 posteros
827 1516 1015 1620 disputatum
1033 1519 1126 1577 fuisse

117 1606 242 1682 Ulpiani
260 1606 352 1666 verba
371 1607 486 1682 docent,
510 1623 586 1682 quae
606 1607 785 1682 sequuntur:
809 1599 852 1664 91
871 1608 917 1664 911
934 1607 1035 1666 verius
1054 1608 1127 1666 haec
1173 1607 1176 1614 ⁴

119 1713 238 1772 quoque
261 1687 429 1754 contineri'.

209 1795 238 1860 5.
263 1794 370 1875 1132,
384 1796 480 1880 39,.1
512 1794 620 1860 Labeo
643 1794 727 1859 libro
752 1794 888 1860 secundo
911 1797 1127 1879 posteriorum
1181 1849 1182 1852 ¹

119 1907 139 1948 a
162 1883 316 1950 Iauoleno
340 1885 407 1968 epit
408 1887 497 1948 omat
498 1905 589 1949 orum
614 1881 661 1970 (P.
684 1880 770 1971 171).
808 1881 889 1948 (lum
912 1884 960 1948 ita
982 1883 1127 1969 legatum

119 1977 219 2057 esset,
252 1978 289 2038 ut
316 1972 406 2037 Titia
433 1994 514 2038 uxor
544 1994 615 2038 mea
642 1971 828 2036 tentandam
856 1977 981 2056 partem
1008 1972 1128 2036 habeat

118 2059 241 2148 (capiat
249 2059 282 2149 ?)
301 2062 489 2146 quantulam
507 2083 589 2126 unus
608 2061 710 2144 heres,
729 2062 758 2126 si
774 2083 840 2126 non
855 2061 1003 2145 aequales
1017 2065 1144 2145 partes

119 2154 230 2215 essent
255 2150 422 2234 heredum,
451 2149 589 2226 Quintus
612 2148 737 2215 Mucius
766 2154 799 2214 91
825 2148 938 2214 Gallus
967 2151 1128 2236 putabant

120 2240 295 2304 maximam
318 2243 444 2323 partem
467 2240 609 2324 legatam
633 2260 712 2324 esse,
736 2239 812 2324 quia
829 2239 864 2303 in
882 2240 1003 2305 maiore
1022 2241 1128 2304 minor

120 2349 248 2412 quoque
275 2329 409 2410 inesset,
440 2326 568 2392 Servius
596 2327 709 2393 Ofilius
740 2328 921 2413 minimam,
951 2329 1028 2413 quia
1055 2351 1128 2394 cum

119 2418 213 2482 heres
246 2417 320 2481 dare
354 2415 531 2481 damnatus
558 2421 654 2500 esset,
684 2415 719 2479 in
746 2421 908 2500 potestate
938 2421 1007 2482 eius
1035 2423 1128 2501 esset,

119 2528 217 2591 quam
240 2508 365 2589 partem
389 2506 489 2570 daret.

210 2595 240 2659 6
272 2592 311 2658 D.
334 2595 391 2674 40,
416 2595 445 2677 7,
468 2593 510 2658 39
529 2616 576 2677 pr.
621 2592 791 2657 Iavolenus
823 2592 908 2657 libro
940 2597 1055 2678 quarto
1088 2616 1127 2657 ex

118 2683 352 2767 posterioribus
374 2616 550 2747 Labeonisp
559 2678 608 2769 (P
633 2679 720 2768 196)
773 2677 937 2746 Stichum
965 2681 1059 2746 Attio
1087 2682 1128 2746 do

118 2773 192 2857 lego
217 2775 263 2857 et,
289 2771 367 2836 1111
396 2773 425 2836 91
452 2791 601 2835 nummos
624 2774 751 2835 centum
774 2769 909 2854 dederit,
932 2769 1014 2833 liber
1035 2771 1128 2836 esto'.

182 2882 254 2924 eum
268 2881 325 2925 ..s
310 2863 375 2924 1111
362 2861 538 2925 tuliberum
561 2880 630 2924 9119
653 2857 752 2934 Quint
753 2881 791 2924 us
738 2820 935 2924 tllIuoiirs
956 2856 1128 2925 Gallus..

118 2952 248 3034 putant,
271 2946 401 3014 Servius
425 2949 540 3014 Ofilius
563 2969 629 3013 non
651 2969 731 3012 esse.

541 3123 588 3182 De
607 3124 709 3182 tutelis.

212 3243 240 3307 7.
275 3240 342 3306 Gai.
365 3241 390 3327 I,
412 3242 527 3306 8..8
542 3241 702 3325 .quidam
726 3241 865 3326 quinque
889 3261 1009 3324 genera
1031 3239 1151 3324 (tute-

57 3327 335 3504 lsalrfflicpugssa
358 3293 574 3414 dixerunt,t
536 3335 574 3394 ut
596 3329 635 3406 Q.
656 3329 797 3413 Mucius,
820 3329 877 3393 alii
900 3329 979 3413 tria,
1001 3333 1039 3393 ut
1062 3327 1159 3433 Ser.

194 3564 208 3611 1
221 3557 259 3614 0
278 3557 365 3614 ferme
383 3558 431 3614 rei
