2598 3910
200 197 266 262 294
294 198 367 253 VIII.
381 197 517 254 OCTAVI
531 197 629 254 SAEC.
638 197 734 259 IURIS
749 197 920 254 CONSULT.
932 197 1055 254 snuffls
1070 195 1205 252 TERTIA

199 383 302 445 nsque
338 345 601 446 intellegerentur
633 361 709 446 quid
740 361 972 448 signifioarent,
1004 385 1043 427 ea
1074 361 1208 446 perinde

199 471 261 515 esse
287 471 325 515 aa
353 451 380 514 si
410 452 531 536 scripta
558 472 624 516 non
651 454 759 515 essent
788 449 926 534 [reliqua
949 453 1059 516 autem
1086 473 1144 536 per
1172 472 1208 516 se

199 541 272 624 ipsa
295 539 428 620 valent}

288 659 325 718 of.
348 659 444 719 Servii
465 677 607 734 respousa
631 662 659 718 7.
749 691 751 694 ·
788 663 789 666 ’

535 879 636 938 Libri
658 879 703 954 ΙΙ,
726 879 784 954 ΙΙΙ,
808 879 871 939 IV?

614 969 660 1064 De
682 1005 789 1078 leqotr'a

573 1119 617 1174 De
634 1121 721 1187 frmdo
739 1121 834 1190 lepato.

290 1221 319 1285 6.
347 1218 385 1284 D.
399 1221 456 1304 32,
471 1220 528 1298 60,
546 1220 576 1284 3.
621 1219 757 1284 Alfenus
784 1221 867 1286 libro
896 1220 1035 1286 seeundo
1057 1219 1209 1306 Digesto-

187 1311 273 1374 'rum
293 1332 312 1374 a
329 1307 432 1374 Paulo
451 1309 700 1392 epitomatorum
715 1306 764 1395 (P.
778 1309 829 1388 39,
844 1307 889 1396 3).
925 1309 1068 1375 Praediis
1088 1309 1207 1395 legatis

202 1401 235 1463 et
262 1419 344 1481 quae
372 1419 482 1462 eorum
509 1398 713 1482 praediorum
741 1397 947 1462 colendorum
976 1420 1073 1464 eausa
1099 1403 1210 1483 empta

201 1491 378 1571 parataque
406 1491 528 1568 essent,
554 1507 658 1571 neque
684 1486 860 1569 topiarium
887 1509 990 1572 neque
1014 1487 1209 1552 saltuarium

177 1623 179 1628 .
201 1576 344 1660 legatum
362 1575 464 1640 videri
483 1575 540 1640 ait:
559 1575 734 1660 topiarium
753 1575 839 1638 enirn
855 1576 999 1659 ornandi,
1014 1575 1208 1641 saltuarium

203 1670 309 1728 autem
328 1665 439 1742 tuendi
459 1667 491 1729 et
510 1663 709 1729 custodiendi
727 1663 818 1728 fundi
836 1665 940 1749 magis
961 1685 1057 1749 quam
1081 1665 1210 1729 colendi

140 1813 142 1818 .
200 1757 350 1837 paratum
384 1775 466 1818 esse:
499 1753 624 1817 asinum
656 1751 890 1818 machinarium
919 1753 1063 1839 legatum
1091 1754 1209 1818 videri:

201 1843 279 1906 item
312 1864 387 1908 oves
421 1864 502 1926 quae
531 1841 729 1906 stercorandi
756 1840 847 1905 fundi
876 1863 973 1906 causa
1001 1847 1209 1925 pararentur:

201 1932 279 1996 item
303 1931 493 2016 opilionem,
517 1932 544 1994 si
569 1930 636 1993 eius
660 1930 787 2012 generis
811 1951 887 1995 oves
910 1934 1045 1995 curaret.

290 2051 326 2110 of.
350 2049 447 2109 Servii
468 2066 611 2126 responsa
635 2050 686 2109 17.

292 2170 321 2232 7.
348 2168 387 2234 D.
406 2169 462 2250 33,
482 2170 499 2232 ‘1
506 2218 514 2250 ,
535 2168 589 2252 16,
608 2169 637 2234 2.
659 2167 815 2244 ,Alfenus
839 2169 922 2234 libro
946 2169 1085 2234 seeundo
1111 2169 1211 2256 Dige-

204 2259 327 2320 storum
361 2279 380 2322 a
416 2255 509 2321 Pauli
541 2257 790 2340 epitomatorum
825 2256 876 2343 (P.
894 2259 950 2340 44,
969 2255 1014 2343 2).
1070 2257 1211 2334 Quidam

202 2347 296 2409 uxori
324 2345 470 2429 fundum,
498 2345 545 2409 uti
573 2347 748 2411 instructus
772 2354 857 2410 esset
879 2347 914 2412 in
938 2368 1000 2430 quo
1024 2347 1095 2430 ipse
1119 2347 1213 2414 ha'bi·
1280 2391 1281 2400 .

203 2433 308 2512 tabat,
337 2435 466 2520 legavit.
519 2435 683 2500 consultus
714 2435 752 2499 de
782 2435 970 2500 mulieribus
999 2435 1137 2500 lanificis
1168 2459 1211 2502 au
1280 2485 1281 2492 .

203 2524 421 2590 instrumento
445 2524 694 2608 continerentur,
717 2524 884 2607 respondit
906 2546 970 2590 non
990 2523 1119 2610 quidem
1139 2547 1210 2590 esse

203 2613 411 2678 instrumenti
437 2613 543 2698 fundi,
575 2612 629 2678 sed
663 2612 813 2698 quoniam
841 2613 910 2696 ipse
936 2615 1030 2698 pater
1056 2611 1210 2700 familias,
1279 2663 1281 2670 ι

203 2703 258 2786 qui
291 2703 447 2787 legasset,
477 2703 512 2766 in
544 2723 582 2767 eo
613 2701 713 2765 fundo
745 2701 941 2784 habitasset,
974 2701 1114 2767 dubitari
1142 2723 1209 2768 non
1280 2781 1281 2784 Ἴ

204 2793 364 2874 oportere,
388 2791 464 2875 quin
487 2793 520 2854 et
543 2789 677 2854 ancillae
701 2795 734 2854 et
754 2795 877 2854 ceterae
896 2811 956 2873 res,
979 2789 1096 2873 quibus
1114 2795 1211 2875 peter
1249 2841 1252 2847 .
1280 2801 1281 2806 ’

203 2877 345 2942 familias
372 2879 406 2941 in
434 2900 471 2942 eo
494 2877 594 2942 fundo
622 2881 706 2942 esset
728 2878 918 2958 instructus,
945 2901 1054 2944 omnes
1077 2879 1209 2965 legatae

202 2965 394 3029 viderentur.
931 2999 934 3006 ·

293 3077 329 3136 of.
353 3076 448 3137 Servii
471 3095 613 3152 responsa
636 3079 687 3136 20.

294 3197 323 3262 8.
355 3195 394 3261 D.
413 3197 466 3282 33,
485 3197 514 3278 7,
534 3196 585 3280 12,
603 3196 632 3260 2.
681 3193 842 3279 Ulpianus
874 3196 958 3261 libro
986 3196 1139 3264 vicesimo
1168 3197 1207 3262 ad

206 3282 360 3350 Sabinum
380 3283 428 3370 (P.
442 3281 553 3371 2609).
593 3283 729 3349 Alfenus
751 3335 789 3366 ..,
812 3285 841 3349 si
863 3287 1018 3368 quosdam
1042 3307 1081 3350 ex
1104 3285 1207 3352 homi-

104 3448 106 3452 ,
205 3374 299 3438 nibus
319 3373 391 3438 aliis
410 3374 575 3458 legaverit,
593 3376 725 3455 eeteros,
744 3373 799 3457 qui
818 3373 852 3436 iu
870 3373 969 3438 fundo
985 3373 1124 3458 fuerunt,
1142 3397 1207 3439 non

206 3461 362 3525 contineri
389 3461 602 3526 instrumento
629 3461 687 3544 ait,
715 3462 790 3544 quia
812 3460 893 3524 nihil
917 3461 1066 3526 animalis
1089 3462 1208 3528 instru-

206 3549 308 3612 menti
330 3571 400 3614 esse
423 3550 626 3633 opinabatur.
717 3627 720 3632 Ι
