2598 3910
51 177 54 183 Ι
181 199 246 262 306
275 198 348 254 VIII.
364 199 499 255 OCTAVI
513 199 611 256 SAEO.
621 199 718 254 IURIS
733 200 1044 256 censuissemus
1058 201 1200 256 TERTIA

181 361 316 427 fundum
334 363 478 428 habebat
496 363 668 428 secundum
687 363 772 429 viam
791 364 964 448 publicam.
1000 365 1089 429 ultra
1106 367 1198 432 viam

181 451 300 515 flumen
320 455 390 516 erat
408 457 441 517 et
460 473 538 538 ager
556 453 646 517 Lucii
661 451 748 516 Titii.
782 453 879 534 [fluit]
899 453 1019 518 flumen
1032 455 1197 539 paulatim

175 541 289 623 populi
310 541 452 606 Romani*
474 562 544 606 eum
572 562 698 626 agrum,
722 542 777 624 qui
800 543 885 606 inter
906 541 994 607 viam
1017 547 1051 606 et
1072 542 1198 608 flumen
1290 623 1291 626 Ἴ

183 633 282 711 esset,
310 631 453 694 ambedit
480 633 513 694 et
536 630 622 694 viam
646 631 792 715 sustulit,
817 633 932 714 postea
954 653 1065 696 rursus
1089 633 1198 698 minu·

180 719 278 782 tatim
305 719 439 784 recessit
467 723 499 783 et
524 719 683 784 alluvione
705 719 741 782 in
765 720 934 803 antiquum
957 719 1064 784 locum
1088 721 1198 788 rediit.
1290 777 1291 790 i

179 806 347 890 respondit
369 829 441 872 cum
464 807 584 871 fiumen
607 829 719 892 agrum
742 812 774 872 et
800 809 883 872 viam
901 808 1065 893 publicam
1085 815 1196 874 sustu·
1290 829 1291 844 ³

59 904 74 922 ²
178 895 280 974 lisset,
305 918 376 960 eum
400 915 514 979 agrum
538 896 606 961 eius
629 897 752 962 factum
775 917 854 979 esse,
878 897 935 981 qui
957 898 1197 966 transflumen
1289 959 1291 964 .

177 983 313 1048 fundum
333 984 510 1067 habuisset,
532 989 647 1069 postea
670 1007 742 1050 cum
760 987 919 1068 paulatim
937 989 1023 1051 retro
1042 987 1186 1054 redisset

1185 1041 1197 1075 ‚
1290 1057 1291 1060 ,

178 1073 336 1137 ademisse
360 1073 402 1154 ei,
425 1074 515 1138 cuius
538 1074 644 1140 factus
668 1077 767 1152 esset,
791 1079 823 1138 et
847 1073 1008 1151 addidisse
1031 1075 1075 1159 ei,
1100 1078 1195 1144 cuius
1290 1119 1291 1152 3

177 1165 270 1226 trans
307 1161 394 1226 viam
431 1167 530 1244 esset,
570 1163 725 1248 quoniam
761 1163 830 1227 eius
866 1163 984 1229 fundus
1021 1165 1193 1246 proximus
1290 1183 1291 1188 ’

176 1249 303 1314 flumini
321 1254 415 1336 esset,
438 1251 470 1315 id
490 1255 609 1339 autem,
631 1252 716 1336 quod
734 1252 900 1336 publicum
918 1253 1043 1336 fuisset,
1066 1255 1194 1320 nemini
1290 1251 1291 1258 '

176 1338 296 1403 homini
314 1341 473 1406 cessisset.
514 1341 579 1405 iam
602 1341 832 1424 impedimento
851 1340 938 1406 viam
957 1363 1028 1406 esse
1048 1341 1106 1427 ait,
1126 1366 1193 1428 quc
1290 1343 1291 1428 j

55 1449 57 1454 ’
104 1464 106 1469 -
178 1427 287 1491 minus
307 1449 392 1512 ager,
409 1429 464 1512 qui
482 1431 573 1494 trans
593 1430 678 1494 viam
698 1430 859 1495 alluvione
877 1431 1007 1495 relictus
1027 1434 1086 1515 est,
1104 1432 1194 1498 Attii
1289 1505 1291 1530 ,

179 1515 283 1599 fieret,
306 1539 382 1580 nam
404 1517 476 1601 ipsa
499 1541 625 1604 quoque
649 1519 702 1583 via
724 1518 816 1583 fundi
840 1522 934 1584 esset.

265 1637 301 1696 cf.
325 1637 422 1699 Servii
443 1657 620 1714 responsum
644 1642 693 1699 72.

264 1757 317 1822 44.
349 1757 388 1822 D.
408 1758 464 1840 39,
482 1759 517 1842 2,
536 1758 570 1840 9,
592 1759 622 1822 2.
667 1755 827 1841 Ulpianus
854 1757 938 1822 libro
967 1759 1191 1845 quinquagen·
1289 1707 1291 1736 l

176 1845 258 1911 simo
281 1846 381 1912 tertio
407 1847 446 1911 ad
470 1847 608 1911 edictum
628 1843 677 1932 (P.
694 1843 819 1932 127212).
856 1846 992 1911 Alfenus
1014 1849 1137 1933 scribit,
1162 1852 1192 1915 si
1287 1887 1291 1896 ·

176 1956 214 1998 ex
237 1935 337 2001 fundo
361 1940 417 2000 tuo
442 1939 550 2000 crusta
573 1936 666 2020 lapsa
690 1936 733 1998 sit
755 1937 789 1998 in
813 1957 919 2000 meum
943 1935 1079 2000 fundum
1104 1959 1192 2003 eam-

176 2044 237 2105 que
256 2028 359 2106 petas,
382 2023 522 2088 dandum
541 2023 575 2087 in
594 2028 627 2088 te
645 2023 799 2088 iudicium
820 2023 858 2088 de
878 2024 995 2089 damno
1014 2025 1079 2089 iam
1099 2025 1189 2093 facto

263 2114 311 2176 ita
339 2113 466 2175 demum
495 2115 604 2176 autem
633 2116 774 2177 crustam
802 2113 958 2178 vindicari
980 2135 1077 2197 posse
1100 2115 1189 2181 idem

169 2198 306 2264 Alienus
331 2199 390 2281 ait,
416 2201 445 2265 si
467 2221 533 2264 non
557 2201 715 2266 coaluerit
737 2223 797 2266 nec
819 2203 978 2266 unitatem
1002 2224 1075 2267 oum
1098 2207 1188 2270 terra
1241 2227 1244 2232 ·

172 2309 245 2352 mea
267 2287 387 2353 iecerit.
1088 2292 1090 2296 ’

261 2375 313 2441 45.
341 2375 380 2440 D.
401 2377 543 2460 6‚1,5‚
564 2379 595 2443 3.
631 2377 790 2464 Ulpianus
822 2379 906 2444 libro
939 2383 1030 2445 sexto
1059 2380 1186 2448 decimo

173 2463 213 2528 ad
242 2465 380 2531 edictum
411 2463 460 2554 (P.
482 2464 587 2554 54911).
637 2467 686 2533 De
713 2469 841 2553 arbore,
872 2489 953 2553 quae
980 2469 1015 2532 in
1044 2469 1186 2535 alienum

173 2573 288 2637 agrum
316 2555 476 2621 translata
502 2558 624 2622 coaluit
646 2561 680 2621 et
702 2557 825 2622 radices
848 2556 997 2640 immisit,
1019 2555 1128 2624 Varus
1153 2565 1186 2624 et

170 2639 281 2709 Nerva
308 2644 423 2710 utilem
450 2647 485 2709 in
512 2667 580 2709 rem
604 2647 764 2710 actionem
788 2645 922 2731 dabant,
949 2668 1026 2711 nam
1050 2646 1079 2710 si
1101 2670 1184 2713 non-

172 2731 248 2796 dum
272 2735 405 2818 coaluit,
427 2756 500 2799 mea
523 2756 592 2799 esse
615 2757 682 2800 non
706 2733 837 2799 desinet.

529 2917 573 2972 Dc
591 2933 665 2972 seruo
683 2919 827 2974 communi.

259 3021 312 3086 46.
339 3021 378 3088 Ι).
400 3025 453 3108 10,
473 3025 508 3102 3,
523 3026 574 3090 26.
619 3025 756 3091 Alfenus
785 3025 890 3092 Varus
923 3027 1006 3092 libro
1040 3029 1182 3095 secundo

169 3107 377 3195 Digestorum
401 3111 450 3196 (P.
470 3109 514 3199 8).
552 3111 741 3179 Communis
764 3136 876 3181 servus
899 3137 972 3181 cum
995 3116 1080 3200 apud
1100 3117 1182 3182 alte-

169 3221 241 3264 rum
270 3204 368 3284 esset,
400 3222 472 3266 crus
501 3201 600 3288 fregit
626 3203 660 3268 in
689 3225 794 3288 opere.
844 3206 1070 3290 quaerebatur,
1099 3208 1183 3272 alter

169 3288 318 3354 dominus
349 3290 427 3375 quid
458 3313 530 3356 eum
560 3314 611 3374 eo,
642 3313 740 3377 penes
772 3315 866 3377 quem
896 3294 1024 3378 fuisset,
1059 3300 1181 3379 ageret.

169 3378 335 3461 respondi,
367 3381 394 3444 si
423 3380 498 3464 quid
527 3381 622 3465 culpa
648 3381 736 3446 illius
765 3383 870 3467 magis
898 3405 995 3467 quam
1023 3403 1101 3447 casu
1128 3405 1181 3448 res

169 3467 348 3531 communis
373 3469 481 3532 damni
504 3470 655 3554 cepisset,
682 3493 741 3554 per
764 3471 921 3536 arbitrum
945 3471 1109 3548 communi
1133 3472 1182 3536 di-

167 3551 308 3618 vidundo
332 3578 427 3640 posse
451 3558 629 3642 reciperari.
