2600 3908
153 192 217 255 136
255 192 301 246 Vl.
324 191 460 247 OCTAVI
480 192 577 247 SAEO.
596 191 692 246 IURIS
713 190 887 246 CONSULT.
907 190 1030 246 sualua
1050 191 1170 244 PRIMA

153 355 331 440 huminem,
359 377 419 438 pro
448 355 553 438 eapite
583 355 681 420 occisi
709 354 839 440 agnatis
868 354 937 419 eius
961 355 1173 420 incautione

153 445 286 510 afferret
310 444 454 509 arietem.

243 534 294 599 11.
323 532 456 598 Tacitus
476 554 549 598 ann.
570 533 621 615 12,
637 534 666 598 8.
692 567 730 578 -
757 532 880 597 addidit
899 529 1052 597 Claudius
1077 553 1170 597 saara

153 644 192 688 ax
215 623 342 708 legibus
362 621 450 687 Tulli
469 623 556 706 regis
575 621 767 704 piaculaque
788 643 846 704 per
863 621 1033 706 pontifices
1053 620 1170 686 danda.

524 821 580 894 [De
597 821 803 892 sacerdotibus]

243 934 294 999 12.
317 933 428 996 Livias
450 933 478 1014 1,
493 932 545 1015 20,
560 932 589 996 6.
608 967 651 978 -
669 929 862 996 Pontificem
882 980 912 996 ..
932 931 1013 1015 legit
1030 929 1171 1020 (Numa)

152 1023 245 1106 eique
279 1043 370 1086 saera
402 1021 510 1084 omnia
544 1021 705 1104 exscripta
738 1026 971 1105 exsignataque
1002 1021 1169 1102 adtribuit,

154 1111 270 1194 quibus
299 1110 429 1191 hostiis,
457 1109 572 1192 quibus
602 1109 728 1191 diebus,
757 1109 796 1172 ad
824 1131 905 1192 quae
928 1109 1052 1193 templa
1075 1131 1171 1176 saera

153 1201 276 1264 fierent.
316 1203 422 1262 cetera
442 1219 568 1281 quoque
588 1199 697 1262 omnia
715 1198 846 1281 publiea
865 1198 1055 1282 privataque
1075 1221 1168 1263 saera

152 1288 316 1374 pontificis
350 1286 439 1350 saitis
475 1287 624 1370 subiecit,
657 1335 691 1353 ..
724 1309 764 1350 ne
793 1287 869 1372 quid
897 1287 997 1351 divini
1025 1288 1103 1352 iuris
1133 1338 1165 1353 ..

152 1377 350 1442 turbaretur.

244 1465 295 1530 13.
327 1464 437 1543 Lydus
461 1465 499 1528 da
519 1486 617 1529 mens,
638 1467 667 1547 1,
682 1465 732 1529 31.
757 1501 800 1512 -
823 1461 878 1529 καὶ
901 1473 999 1529 τοῦτο
1024 1461 1060 1530 δὲ
1083 1468 1169 1550 πρὸς
1289 1537 1290 1558 ,

151 1563 212 1620 τοῦ
236 1556 357 1637 Νουμᾶ
381 1553 595 1636 διατέθειται,
619 1554 700 1618 ὥστε
724 1556 802 1630 τοὺς
825 1555 924 1636 ἱερεῖς
945 1558 1081 1638 χαλκαῖς
1103 1565 1167 1633 ψα-
1289 1597 1290 1626 2

151 1647 257 1725 λίσιν,
281 1639 352 1708 ἀλλ’
375 1642 415 1708 οὐ
439 1645 590 1728 σιδηραῖς
614 1642 858 1727 ἀποκείρεσθαι.

242 1733 291 1797 14.
324 1731 488 1798 Plutarch.
517 1732 626 1796 Numa
657 1733 707 1796 10.
739 1768 780 1776 -
819 1731 921 1814 Τιμδις
953 1727 990 1794 δὲ
1022 1732 1166 1814 μεγάλας
1273 1779 1276 1784 -

151 1820 320 1886 ἀπέδωκεν
338 1821 451 1897 αὐταῖς
466 1818 696 1907 (Vestalibus),
716 1813 763 1882 ὧν
778 1821 846 1883 ἔστι
863 1817 969 1884 καὶτὸ
985 1819 1168 1885 διαθέσθαι

153 1913 271 1988 ζῶντος
299 1908 419 1988 ἐξεῖναι
446 1911 568 1992 πατρὸς
595 1905 649 1972 καὶ
677 1902 780 1972 τᾶλλα
805 1909 959 1992 πράττειν
982 1910 1061 1974 ἄνευ
1085 1931 1165 1994 προ-

151 1999 272 2065 στάτου
296 1999 475 2081 διαγούσας
497 1998 606 2081 ὥσπερ
631 1997 668 2061 αἱ
688 1998 864 2080 τρίπαιδες.

242 2117 285 2177 Cf.
311 2117 374 2178 Gai.
396 2119 562 2199 1,144sq.
586 2148 629 2159 -
653 2121 769 2176 veteres
793 2163 821 2177 ..
845 2118 1005 2178 voluerunt
1032 2119 1168 2191 feminas,

152 2207 270 2267 etiamsi
293 2207 443 2281 perfectae
468 2207 576 2266 aetatis
601 2205 670 2285 sint,
693 2251 722 2265 ..
743 2206 774 2265 in
797 2206 895 2266 tutela
913 2225 976 2266 esse
1068 2209 1166 2285 laqui-

150 2315 219 2354 mur
252 2297 353 2355 autern
385 2295 517 2372 exeeptis
549 2295 717 2372 virginibus
745 2295 935 2372 Vestalibus,
967 2314 1041 2372 quas
1075 2298 1166 2356 etiam

151 2388 269 2445 vetares
292 2384 323 2442 in
346 2385 488 2444 honorem
513 2383 672 2444 sacerdotii
695 2384 806 2444 liberas
825 2403 890 2444 asse
911 2385 1084 2462 voluerunt,
1108 2386 1165 2445 ita·

152 2492 210 2550 que
234 2473 326 2533 etiam
350 2473 416 2551 lege
435 2472 493 2532 XII
516 2473 690 2534 tabularum
714 2476 837 2533 cautum
860 2476 914 2533 est.

537 2671 594 2744 [Dr
615 2669 780 2741 funeribus]

241 2781 291 2844 15.
324 2779 406 2844 Plin.
430 2780 460 2844 h.
480 2803 509 2845 n.
538 2781 592 2862 14,
614 2781 668 2862 12,
688 2780 738 2845 88.
766 2815 803 2827 -
829 2777 956 2843 Numae
979 2781 1066 2863 regis
1090 2785 1166 2862 post

63 2865 64 2868 '
151 2889 224 2932 eum
249 2865 452 2954 (Romulum)
477 2871 530 2932 lex
554 2873 617 2933 est:
646 2867 732 2932 ‘vino
756 2889 871 2952 rogum
894 2890 934 2931 ne
957 2868 1165 2953 respargito’.

242 2957 292 3020 16.
316 2955 401 3020 Fest.
420 2980 450 3040 p.
470 2959 541 3022 178.
564 2993 604 3003 -
631 2958 771 3021 occisum
793 2979 811 3020 a
830 2961 943 3020 necato
964 2957 1168 3042 distinguant

150 3045 295 3128 quidam,
330 3045 414 3128 quod
449 3047 585 3109 alterum
621 3067 639 3108 a
673 3045 831 3109 caedendo
865 3053 962 3130 atque
995 3045 1062 3111 iatu
1094 3048 1165 3111 fieri

151 3133 269 3215 dieunt,
294 3133 431 3198 alterum
456 3134 523 3197 sine
547 3135 623 3198 ietu.
668 3135 777 3218 itaque
800 3136 835 3198 in
858 3133 985 3200 Numae
1010 3134 1164 3219 Pompilii

149 3223 236 3305 regis
259 3221 386 3306 legibus
411 3223 565 3306 seriptum
588 3226 651 3286 est:
675 3220 716 3286 ‘si
735 3221 900 3287 bominem
919 3222 1042 3288 fulmen
1060 3224 1164 3290 Ιαιιιέ1

150 3311 275 3395 occisit,
305 3334 344 3376 ne
375 3334 472 3394 supra
501 3333 606 3395 genua
634 3309 767 3376 tollito'.
814 3318 846 3376 et
875 3313 968 3377 alibi:
997 3311 1112 3379 ‘homo
1138 3314 1164 3378 si

149 3401 285 3466 fulmine
310 3401 433 3466 occisus
459 3404 522 3486 est,
545 3401 575 3464 ei
598 3401 685 3465 iusta
707 3401 796 3466 nulla
819 3401 888 3465 fieri
912 3400 1061 3486 oportet'.

225 3576 237 3621 1
258 3567 421 3622 lulmiuibus
443 3567 485 3636 C.,
504 3568 655 3622 emendavit
673 3567 803 3637 Scaliyer.
