2614 3914
343 211 344 214 ¹
465 155 791 286 nnffiwffim
1067 199 1132 262 3ae

127 369 232 447 penori
255 369 356 446 legato
381 364 527 426 contineri
549 367 672 444 negavit
695 359 746 448 (D.
766 369 816 443 33,
837 371 865 444 9,
885 369 914 442 3,
934 360 981 444 9)3
1007 385 1133 444 666166,

65 515 66 518 ,
125 477 200 536 quas
226 457 350 530 divortii
376 459 509 531 ternpore
537 456 646 514 mulier
669 456 832 514 comederit
853 455 1021 516 vendiderit
1044 455 1133 515 dona·

124 548 203 606 verit
226 546 361 622 qualibet
383 545 499 604 ratione
523 545 750 620 consumpserit,
774 563 875 603 rerum
898 547 1068 604 amotarum
1090 545 1134 602 iu-

124 637 201 696 dicio
230 634 377 694 contineri
404 633 594 693 existimavit·
610 625 661 714 (D.
681 637 736 710 25,
757 636 789 711 2,
809 636 838 710 3,
858 623 906 713 3),
933 653 1001 692 euin
1024 635 1075 710 qni
1098 652 1134 692 er

125 744 232 784 acervo
251 723 393 782 frumenti
407 723 539 781 modium
554 723 720 798 sustulerit,
734 722 830 782 totius
844 723 943 782 acervi
957 723 1055 780 furem
1069 741 1134 782 esse

125 813 247 889 putavit
265 805 315 890 (D.
330 814 382 888 47,
403 813 431 889 2,
446 813 486 869 21
498 805 566 888 pn),
586 811 721 887 denique,
741 811 767 870 si
785 811 935 870 internos
954 812 1134 894 convenerit,

124 905 161 961 111
187 901 294 978 quanti
322 901 418 960 Titius
445 918 510 958 rem
538 900 755 978 aestimaverit,
787 901 866 959 tanti
895 900 935 958 sit
962 903 1075 975 empta,
1103 900 1134 958 id

124 991 281 1068 negotium
299 989 480 1065 emptionem
499 991 530 1047 61
549 989 749 1048 venditionem
768 1007 831 1048 esse
851 989 1035 1049 existimavit
1053 982 1134 1070 (Gai.

125 1072 267 1156 amm
919 1103 921 1108 ·

214 1168 283 1226 Non
305 1185 373 1225 raro
393 1164 501 1225 Ofilius
523 1185 624 1225 rerum
647 1167 881 1242 appellationem
904 1167 952 1226 vel
975 1167 1135 1227 verborum

126 1256 374 1334 significationem
398 1255 509 1331 definit,
533 1273 576 1314 ex.
600 1275 643 1331 gr.
668 1250 831 1330 ‘impensae
850 1255 941 1316 verbo
960 1259 1051 1332 negat
1068 1275 1135 1331 pre·

125 1346 202 1406 tium
227 1337 401 1422 significari'
423 1335 474 1424 (D.
494 1345 545 1419 35,
567 1347 660 1422 1,40,
678 1336 725 1422 1),
749 1344 825 1422 ligni
847 1345 1049 1421 appellatione
1074 1364 1135 1403 sar·
1245 1403 1248 1408 .

126 1437 228 1494 menta
259 1453 319 1493 non
351 1433 497 1492 contineri
529 1427 579 1511 (D.
604 1435 659 1510 32,
684 1435 739 1511 55,
760 1431 807 1511 4),
844 1452 940 1510 neque
972 1434 1135 1493 carbonum

127 1523 328 1600 appellatione
360 1523 476 1599 lignum
506 1521 544 1580 ad
574 1520 716 1582 carbones
747 1522 915 1598 coquendas
945 1525 1036 1599 atque
1066 1541 1134 1582 con·

126 1613 266 1672 ficiendas
296 1614 436 1686 paratum
466 1601 516 1692 (D.
537 1613 592 1688 32,
612 1612 667 1684 55,
692 1603 738 1692 7),
761 1611 859 1670 victus
888 1630 957 1670 vero
985 1611 1076 1670 verbo
1105 1613 1136 1670 61

5 1735 6 1740 1
126 1701 306 1762 vestimenta
335 1703 367 1759 et
396 1702 560 1760 stramenta
595 1699 741 1759 contineri
772 1694 822 1778 (D.
842 1702 897 1772 50,
918 1702 972 1772 16,
994 1703 1071 1774 234,
1092 1702 1135 1776 2).

128 1790 254 1866 denique
287 1788 391 1847 definit
422 1788 495 1866 quid
527 1787 567 1846 sit
595 1789 742 1866 fugitivus
771 1779 821 1868 (D.
847 1780 1076 1868 21,1,17pr.)
1105 1791 1136 1847 et

128 1878 199 1954 quid
226 1877 346 1937 intersit
372 1877 451 1936 inter
472 1877 674 1953 pulsationem
697 1881 728 1937 61
750 1878 990 1936 verberationem
1012 1870 1062 1955 (D.
1084 1879 1136 1952 47,

130 1959 291 2046 10,5,1).
585 1971 588 1977 ’
682 1977 686 2034 ζ

217 2054 298 2114 Ofilii
329 2055 492 2114 sententias
524 2056 653 2115 afferunt
684 2055 821 2131 inprimis
854 2054 1003 2114 Antistius
1035 2055 1135 2114 Labeo

127 2145 329 2222 posteriorum
357 2143 442 2202 libris
470 2163 488 2202 a
514 2144 656 2204 Iavoleno
680 2145 850 2220 epitomatis
874 2135 966 2225 (libro
989 2144 1004 2202 I
1028 2143 1064 2200 D.
1085 2146 1135 2221 28,

130 2230 1136 2312 smpwfflmmnwmmamm

131 2322 1135 2400 rmrfflmmnawmamawmom

131 2409 1134 2488 ummnmnmmmfflrfflmmnmn

130 2503 158 2578 2,
178 2503 219 2560 41
243 2500 276 2558 P.
293 2502 368 2577 186,
396 2500 473 2558 libro
496 2499 543 2557 HI
569 2499 604 2558 D.
624 2501 678 2571 33,
701 2501 817 2574 10,10
841 2500 873 2558 P.
890 2502 966 2573 191,
993 2499 1070 2557 libro
1093 2499 1137 2557 IV

129 2590 165 2648 D.
184 2591 239 2660 40,
260 2591 293 2663 7,
313 2591 352 2648 39
373 2609 417 2664 pr.
446 2590 513 2648 1.4
541 2588 573 2646 P.
594 2589 671 2659 196,
703 2588 780 2646 libro
804 2588 832 2644 V
864 2587 899 2646 D.
921 2590 975 2664 33,
996 2591 1024 2660 7,
1045 2589 1133 2656 26,1

128 2678 161 2736 Ρ.
178 2680 251 2755 215,
274 2677 350 2736 11116
369 2677 411 2736 IX
434 2677 470 2735 D.
490 2679 541 2752 49,
563 2678 612 2754 15,
633 2679 672 2734 27
698 2676 730 2736 P.
751 2668 839 2756 231),
863 2674 982 2734 anlius
1007 2675 1136 2735 Sabinus

5 2785 6 2814 1
130 2764 180 2848 (D.
201 2769 295 2842 21,1,
311 2768 362 2844 38,
378 2759 411 2841 7)
431 2766 494 2824 sine
517 2765 607 2825 dubio
630 2765 661 2823 in
684 2765 769 2824 libris
787 2765 826 2824 ad
845 2765 974 2824 edictum
994 2763 1137 2823 aedilium

129 2855 279 2914 curulium
304 2849 350 2934 (P.
367 2847 414 2934 7),
444 2855 604 2914 Iavolenus
627 2853 749 2913 Priscus
773 2847 814 2932 (v.
839 2872 915 2931 quae
938 2854 973 2912 de
997 2853 1136 2912 Labeone

106 3019 110 3026 1
129 2935 266 3024 contuli),
291 2943 399 3002 Sextus
418 2943 601 3020 Pomponius
621 2945 652 3002 et
669 2943 702 3000 in
719 2943 804 3003 libris
823 2944 862 3002 ad
882 2943 1026 3002 Sabinum
1044 2934 1137 3024 (libro

128 3030 1138 3110 momnpnmnmwmmamrmm

128 3120 1204 3199 nmmvmnmcnnannbmxxmnraacw

129 3210 162 3270 P.
180 3212 250 3280 726,
274 3210 351 3268 libro
370 3210 452 3268 XXX
475 3209 510 3268 D.
527 3211 644 3287 50,16,
661 3212 732 3286 180,
754 3214 770 3268 1
796 3210 828 3270 Ρ.
845 3202 924 3290 753)
944 3213 974 3268 61
992 3210 1031 3268 ad
1049 3210 1137 3267 Plau-

128 3291 1138 3378 umffimvnmnmnnmmmmnmm

130 3388 169 3446 sd
191 3387 250 3446 XII
272 3388 393 3447 tabulas
416 3380 506 3466 (libro
524 3387 555 3446 Il
578 3387 612 3448 D.
635 3390 685 3465 50,
701 3391 751 3464 16,
772 3389 878 3464 234,2
903 3387 936 3445 P.
951 3379 1030 3466 429)
1054 3389 1084 3444 61
1107 3386 1138 3444 11

129 3476 375 3536 institutionibus
395 3468 439 3554 (3,
461 3471 552 3554 140),
575 3476 672 3536 Iulius
695 3475 807 3535 Paulus
831 3479 861 3534 et
883 3474 968 3533 libris
992 3475 1029 3533 ad
1054 3473 1137 3533 Sabi-

129 3585 203 3624 num
230 3558 322 3646 (libro
345 3565 405 3624 VII
428 3566 463 3624 D.
484 3568 539 3642 25,
560 3567 591 3640 2,
612 3567 645 3639 3,
666 3567 683 3624 3
708 3565 739 3624 P.
756 3555 857 3646 1774)
884 3567 915 3623 61
942 3563 980 3622 ad
1007 3563 1138 3624 edictum
1198 3608 1277 3648 Δ
