2614 3914
472 212 497 260 2.
521 204 640 262 AULUS
659 203 799 259 OPILIUS
1075 205 1139 270 341

132 373 236 433 ordine
264 373 341 432 latas
371 373 403 432 in
430 393 525 432 unum
548 366 734 450 composuit'.
772 371 831 448 §5
859 368 919 431 ‘ius
944 418 971 432 ..
996 373 1140 449 composi·

132 465 197 522 tum
231 481 250 520 a
279 456 500 538 prudentibus'.
548 461 607 538 §6
638 453 766 542 ³(legis)
795 462 925 522 actiones
957 461 1140 537 compositae

132 543 226 611 sunt'.
272 549 292 624 ξ
315 554 332 610 7
361 546 450 611 ‘alias
479 551 610 610 actiones
638 543 846 630 composuit'),
874 550 926 610 sed
953 551 998 610 ita
1024 553 1166 610 utnon·

132 639 271 700 offendat.
326 659 380 716 pro
415 633 606 715 ‘composuit'
640 639 742 714 potius
775 632 947 715 ‘exposuit'
979 638 1140 717 legendum

131 729 260 789 videtur.
297 729 334 787 01.
358 727 422 789 Gai.
436 728 492 804 111,
507 730 549 788 54
573 722 759 806 ‘diligentior
781 727 992 804 interpretatio
1011 728 1140 804 propriis

131 817 353 877 commentariis
376 817 512 894 exposita
534 811 600 876 est'.
1169 843 1178 860 ··

222 903 343 964 Ofilium
361 905 454 966 libros
474 907 553 966 cirea
571 924 597 966 a.
614 898 730 986 702l52
751 905 903 981 scripsisse
922 905 989 964 ideo
1007 905 1139 966 conicere

130 995 211 1068 licet,
234 995 315 1071 quod
333 993 436 1054 Oieero
459 994 495 1054 de
517 994 607 1073 legib.
629 997 657 1070 1,
677 996 706 1071 5,
727 996 766 1053 17
791 993 847 1052 ait:
871 987 943 1053 ‘non
965 1039 994 1054 ..
1018 1013 1139 1069 aprae-

129 1083 207 1143 toris
230 1083 337 1160 edicto,
363 1087 400 1142 01
421 1083 589 1160 plerique
611 1101 703 1160 nunc,
725 1083 924 1141 hauriendum
947 1082 1020 1142 iuris
1042 1083 1139 1143 civilis

131 1171 322 1248 disciplinam
343 1167 453 1248 putas'.
490 1173 563 1250 quin
583 1171 615 1230 in
632 1171 857 1248 interpretando
876 1173 1023 1247 praetoris
1043 1172 1139 1232 edicto

132 1260 271 1320 Servium
303 1267 423 1320 secutus
457 1261 509 1339 sit,
541 1259 674 1319 dubitari
705 1261 823 1338 nequit:
854 1260 1025 1336 ubieunque
1058 1258 1139 1320 Ofilii

132 1348 289 1426 Serviique
317 1349 482 1409 sententiae
510 1345 602 1408 simul
627 1353 848 1426 proponuntur,
875 1349 963 1408 illum
990 1368 1058 1408 oum
1082 1351 1139 1409 hoc

131 1439 199 1497 fere
233 1441 399 1498 consentire
430 1439 568 1499 vidimus.
622 1440 742 1496 tautum
772 1437 804 1496 in
836 1437 873 1498 D.
892 1439 948 1516 43,
968 1439 1024 1516 20,
1044 1440 1076 1516 1,
1098 1440 1137 1497 17

132 1526 283 1586 dubitatio
315 1530 369 1586 est.
420 1527 458 1587 ad
486 1526 577 1586 edicti
603 1545 675 1586 vero
702 1525 981 1602 interpretationem
1007 1527 1141 1603 pertinet

130 1634 192 1674 non
215 1615 312 1674 solum
335 1615 395 1675 Oie.
419 1615 669 1692 0111010121,
693 1615 745 1674 sed
767 1615 895 1674 fortasse
921 1615 1012 1674 etiam
1035 1615 1071 1675 D.
1089 1618 1139 1693 14,

132 1705 161 1779 2,
182 1705 211 1782 2,
230 1706 259 1764 3.
304 1704 341 1763 ef.
365 1704 457 1764 Lenel
478 1703 511 1763 P.
526 1706 578 1763 40.
634 1733 637 1738 ·

220 1793 327 1870 Itaque
349 1793 489 1853 hocloco
512 1793 682 1870 fragmenta
704 1793 856 1870 collocavi,
879 1811 955 1869 quae
973 1792 1062 1851 huius
1080 1793 1140 1851 loci

132 1898 197 1940 esse
220 1885 354 1959 possunt,
377 1882 511 1942 ordinem
534 1882 624 1940 edicti
647 1900 665 1939 a
688 1879 806 1940 Iuliano
829 1879 987 1958 compositi
1010 1885 1140 1942 secutus.

405 2067 453 2128 De
474 2069 671 2128 imisdictc'oac
691 2068 870 2142 maaimpclc'.

206 2179 250 2242 ,1.
278 2176 317 2244 D.
335 2178 370 2260 2,
392 2180 423 2260 1,
439 2179 495 2262 11,
509 2179 539 2244 2.
576 2176 676 2243 Gaius
699 2178 785 2244 libro
808 2177 913 2264 primo
938 2177 978 2242 ad
1001 2176 1139 2244 edictum

130 2266 328 2350 provinciale
350 2263 399 2350 (P.
418 2266 486 2349 56).
531 2265 566 2331 si
592 2289 657 2332 una
685 2267 770 2332 ectio
801 2267 980 2332 communis
1004 2267 1048 2331 eit
1070 2267 1139 2351 plu-

130 2357 215 2419 rium
233 2376 452 2439 personarum,
470 2356 570 2420 veluti
588 2355 730 2420 familiae
745 2356 959 2434 erciscundae,
975 2357 1138 2421 communi

130 2443 314 2528 dividundo,
337 2443 449 2508 finium
477 2444 703 2528 regundorum,
726 2448 834 2508 utrum
858 2444 1006 2528 singulae
1029 2450 1137 2528 partes

131 2533 322 2615 spectandae
342 2537 417 2597 eunt
435 2533 519 2598 circa
537 2531 791 2596 iurisdictionem
806 2533 873 2596 eius
889 2532 943 2616 qui
963 2533 1139 2618 cognoscit,

131 2621 217 2706 quod
245 2619 342 2685 Ofilio
371 2621 574 2704 ...placet,
602 2621 678 2705 quia
707 2642 789 2685 unus
817 2622 952 2705 quisque
980 2623 1019 2684 de
1046 2625 1139 2706 perte

130 2731 189 2774 sue
212 2709 335 2794 litigat,
359 2731 400 2774 an
422 2710 531 2794 potius
554 2712 624 2774 tote
646 2731 699 2774 res

277 2856 321 2912 Nc
339 2858 401 2928 qaae
417 2874 478 2913 cam
495 2859 544 2928 qai
561 2859 593 2912 ia
610 2859 656 2914 iae
673 2858 823 2924 vocabitur,
841 2858 870 2914 ci
887 2859 996 2914 eximat.

219 2957 250 3021 2.
273 2956 311 3022 D.
326 2958 355 3039 2,
371 2958 400 3040 7,
416 2960 444 3043 1,
461 2960 490 3023 2.
530 2955 686 3042 Ulpianus
705 2958 789 3023 libro
809 2959 923 3042 quinto
943 2958 983 3023 ad
998 2957 1138 3024 edictum

130 3043 180 3132 (P.
194 3042 284 3132 269).
325 3045 438 3111 Ofilius
462 3051 557 3132 putat
580 3051 685 3112 locum
708 3047 771 3112 hoe
794 3047 896 3112 edicto
920 3069 986 3112 non
1007 3069 1086 3129 esee,
1110 3047 1139 3111 si

128 3157 281 3218 persona,
310 3135 448 3219 quaein
471 3137 522 3200 ius
545 3137 653 3202 vocari
675 3158 739 3201 non
761 3137 884 3220 potuit,
908 3143 1057 3221 exempta
1079 3139 1138 3219 est,

129 3224 231 3289 veluti
254 3245 371 3307 parens
395 3228 428 3289 61
450 3230 605 3308 patronus
630 3230 816 3308 ceteraeque
840 3246 1005 3309 personae.

421 3371 455 3426 Si
472 3389 506 3428 cx
523 3374 621 3428 000011
639 3389 724 3428 cauea
742 3377 850 3443 agatur.

219 3473 248 3537 3.
271 3471 309 3537 D.
321 3473 350 3555 2,
360 3473 390 3556 9,
402 3474 430 3554 1,
442 3473 470 3538 1.
501 3471 660 3557 Ulpianus
679 3473 763 3537 libro
782 3472 920 3555 septimo
939 3471 979 3536 ad
999 3471 1139 3536 edictum

129 3558 178 3644 (P.
193 3557 282 3647 295).
314 3611 338 3627 ..
353 3565 483 3644 praetor
502 3562 547 3626 ait
566 3559 611 3626 ‘in
630 3562 740 3627 eadem
760 3583 855 3626 causa
870 3561 935 3628 ...’.
965 3559 1012 3626 ‘in
1027 3561 1137 3626 eadem
