2614 3914
182 186 246 250 398
275 186 350 241 VIII.
366 185 502 240 OCTAVI
517 185 615 242 SAEO.
625 185 720 241 IUItIS
737 185 910 242 CONSULT.
922 183 1044 242 sanias
1060 188 1196 243 TERTIA

270 350 300 414 4.
328 348 367 413 D.
387 350 442 434 30,
462 349 496 431 5,
517 349 545 413 1.
581 349 700 414 Paulus
729 349 812 414 libro
839 299 945 434 primo
971 350 1012 414 ad
1035 349 1195 417 Sabinum

182 435 359 526 (P.1606).
476 436 584 503 Labeo
610 438 669 522 ait,
693 460 765 503 curn
789 446 876 502 certa
899 460 950 502 res
974 445 1031 504 aut
1053 461 1196 524 persona

181 528 308 610 legatur
331 530 391 591 ita:
414 526 482 610 ‘qui
505 528 677 592 meuserit
696 549 769 592 curn
788 529 917 608 moriar,
939 527 1033 592 heres
1053 529 1142 594 dato’
1163 535 1195 594 et

182 617 361 680 communis
386 616 437 699 sit,
460 619 565 680 toturn
590 615 707 681 deberi.
750 615 937 681 Trebatium
960 638 1036 682 vero
1060 639 1194 702 respon·

181 704 267 770 disse
290 709 416 788 partem
442 703 551 768 deberi
575 702 707 770 (lessius
731 705 870 788 scripsit.

270 794 300 858 5.
324 792 363 856 D.
383 794 439 877 30,
457 794 514 876 30,
534 794 562 859 7.
603 792 763 876 Ulpianus
787 795 870 858 libro
894 794 1130 860 nonodecimo
1154 797 1194 860 ad

183 879 338 947 Sabinum
363 877 412 968 (P.
427 880 551 965 25970).
592 881 686 947 Hanc
704 933 710 947 .
726 932 734 948 .
753 883 944 966 scripturam
968 879 1076 969 (‘quas
1098 905 1193 968 pecu-

181 971 253 1034 nias
276 971 397 1056 legavi,
425 972 541 1054 quibus
566 971 634 1035 dies
659 971 824 1054 adpositus
848 982 998 1055 nonest,
1022 994 1075 1036 eas
1098 972 1194 1038 heres

181 1080 272 1123 meus
305 1080 412 1123 annua
443 1059 533 1123 bima
564 1061 662 1125 trima
693 1061 744 1124 die
776 1058 887 1146 dato')
920 1082 985 1125 non
1016 1062 1124 1126 solum
1153 1063 1192 1126 ad

180 1147 406 1230 praecedentia
429 1148 498 1212 sola
520 1148 643 1232 legata,
672 1149 728 1214 sed
751 1149 792 1213 ad
814 1149 965 1214 universa
989 1171 1072 1233 quae
1095 1154 1194 1216 testa-

180 1240 289 1302 mento
314 1235 475 1320 adscripta
494 1243 570 1301 sunt
589 1237 717 1302 extendi
737 1235 850 1303 Gallus
870 1239 1047 1324 Aquillius,
1068 1237 1195 1326 Ofilius,

180 1324 351 1390 Trebatius
375 1325 618 1412 responderunt.

577 1509 624 1568 De
647 1511 792 1570 codicillis.

269 1618 299 1683 6.
331 1619 410 1683 lnst.
430 1620 459 1704 2,
479 1619 577 1704 25pr.
618 1621 704 1685 Ante
727 1619 871 1705 Augusti
893 1623 1041 1703 tempora
1064 1624 1194 1685 constat

180 1706 232 1771 ius
247 1708 468 1772 codicillorum
482 1730 549 1772 non
563 1708 672 1774 fuisse.
696 1709 751 1774 sed
764 1709 887 1792 primus
899 1706 1015 1772 Lucius
1026 1707 1193 1793 Lentulus,

181 1817 219 1860 ex
243 1799 333 1862 cuius
357 1819 495 1881 persona
519 1797 616 1871 etiam
635 1797 882 1862 fideicommissa
901 1800 1084 1881 coeperunt,
1108 1798 1193 1862 codi-

180 1885 270 1950 cillos
290 1887 475 1950 introduxit.
511 1909 588 1950 nam
607 1909 679 1952 curn
694 1887 859 1951 decederet
872 1887 907 1950 in
921 1885 1041 1964 Africa,
1060 1885 1194 1970 scripsit

180 1975 346 2039 codicillos
369 1979 568 2040 testamento
592 1975 809 2060 confirmatos,
835 1975 951 2059 quibus
975 1975 1015 2039 ab
1039 1973 1192 2059 Augusto

178 2062 274 2146 petiit
297 2085 355 2146 per
377 2062 674 2142 fideicommissum,
703 2067 738 2127 ut
760 2063 882 2128 faceret
905 2063 1040 2148 aliquid,
1063 2068 1096 2127 et
1119 2086 1191 2129 cum

180 2151 272 2215 divus
300 2151 468 2234 Augustus
496 2153 697 2216 voluntatem
727 2153 795 2216 eins
827 2152 1009 2238 implesset,
1040 2151 1192 2238 deinceps

179 2239 294 2323 reliqui
327 2239 554 2304 auctoritatem
587 2241 655 2306 eius
689 2242 790 2306 secuti
821 2241 1070 2306 fideicommissa
1096 2263 1192 2326 prae-

180 2327 312 2390 stabant
336 2331 369 2391 et
391 2327 460 2391 filia
480 2328 617 2414 Lentuli,
641 2352 722 2414 quae
743 2331 811 2394 iure
830 2353 895 2396 non
915 2329 1059 2411 debebat,
1084 2331 1192 2415 solvit,

179 2415 296 2480 dicitur
310 2416 478 2502 Augustus
499 2439 692 2484 convocasse
711 2419 894 2504 prudentes,
912 2418 998 2482 inter
1017 2439 1098 2503 quos
1114 2418 1192 2484 Tre-

178 2504 303 2570 batium
328 2527 464 2593 quoque,
482 2509 573 2572 cuius
594 2513 671 2573 tunc
691 2509 866 2573 auctoritas
890 2508 1032 2571 maxima
1055 2511 1136 2590 erat,
1160 2512 1193 2573 et

179 2595 356 2681 quaesisse,
385 2618 426 2662 an
453 2598 556 2680 possit
583 2597 645 2662 hoc
672 2598 772 2682 recipi
797 2619 856 2662 nec
880 2597 1042 2661 absonans
1067 2617 1087 2660 a
1109 2596 1191 2661 iuris

177 2684 304 2748 ratione
327 2685 549 2750 codicillorum
571 2708 647 2751 usus
667 2691 761 2770 esset,
785 2691 818 2751 et
835 2685 1023 2750 Trebatium
1047 2684 1192 2750 suasisse

178 2773 338 2856 Augusto,
362 2774 447 2857 quod
471 2773 589 2839 diceret
609 2775 817 2840 utilissimum
837 2778 869 2839 et
886 2774 1103 2839 necessarium
1127 2773 1191 2840 hoc

178 2859 302 2924 civibus
326 2883 396 2926 esse
415 2866 547 2946 propter
565 2884 700 2947 magnas
719 2867 752 2930 et
770 2865 887 2948 longas
906 2862 1190 2948 peregrinationes

178 2967 260 3030 quae
283 2949 369 3032 apud
391 2953 515 3014 veteres
538 2951 758 3036 crebruissent,
780 2953 845 3034 ubi,
868 2953 896 3016 si
919 2951 990 3036 quis
1013 2954 1189 3018 testamen·

176 3041 247 3100 tum
271 3037 377 3102 facere
399 3059 465 3102 non
488 3043 612 3124 posset,
636 3044 746 3104 tamen
769 3040 934 3106 codicillos
957 3043 1076 3124 posset.

591 3230 638 3289 Dc
661 3231 768 3305 tepetis.

551 3345 595 3402 Dc
613 3347 702 3414 fundo
720 3348 813 3416 tepoto.

265 3458 296 3521 7.
328 3455 366 3521 D.
386 3457 442 3540 31,
460 3456 517 3541 49,
536 3457 565 3521 2.
610 3454 730 3521 Paulus
758 3457 840 3522 libro
869 3458 981 3542 quinto
1012 3457 1051 3520 ad
1080 3457 1188 3542 legem

176 3543 294 3610 Iuliam
313 3553 345 3610 et
364 3545 497 3630 Papiam
518 3542 566 3632 (P.
581 3543 669 3632 949).
706 3543 814 3614 Labeo
833 3547 933 3612 refert
954 3565 1077 3630 agrurn,
1097 3547 1188 3610 cuius
