2602 3912
28 3644 86 3656 ...ι

171 189 212 251 12
351 189 384 242 Π.
410 188 515 242 SEXTI
535 188 685 242 SAECULI
704 187 799 242 IURIS
820 186 999 242 CONSULTI

576 356 684 414 Liber
705 355 772 414 XII.

261 465 287 520 7.
306 463 445 522 Fortasse
463 464 666 540 fragmentum
685 481 703 520 a
721 461 849 520 Macrob.
867 464 895 537 1,
912 463 961 536 16,
977 462 1017 520 25
1039 460 1071 531 Q.
1087 462 1180 522 Fabio

168 550 298 610 Maximo
327 550 492 611 Serviliana
525 552 707 610 attributum
739 543 789 632 (cf,
806 550 867 626 III,
888 542 922 632 6)
954 550 1002 608 hic
1034 551 1180 610 collocan-

169 639 241 698 dum
264 643 316 698 est.

571 711 679 768 Liber
700 709 780 768 XVI.

259 821 287 884 8.
310 819 515 904 Νο1.19,11
540 844 570 904 p.
586 819 658 885 544.
679 857 720 866 —-
740 820 859 884 Fabius
877 820 987 884 Pictor
1008 819 1063 885 lib.
1082 819 1179 886 XVI:

169 930 284 990 equum
324 909 468 973 manibus
500 910 688 991 pedibusque
724 911 809 988 dato,
845 909 1012 991 polubrum
1048 911 1180 975 sinistra

168 1019 266 1061 muca
289 1003 391 1076 teneto,
415 999 539 1062 deutera
561 1019 670 1062 casura
692 1019 761 1062 cum
784 1020 875 1080 aqua.

487 1164 537 1220 ux
564 1163 716 1222 incertis
742 1163 856 1223 libris

258 1273 287 1336 9.
308 1270 394 1336 Serv.
409 1271 449 1334 ad
464 1270 578 1358 Georg.
596 1274 623 1357 1,
639 1274 689 1336 21.
704 1271 880 1337 —Fabius
898 1273 1007 1337 Pictor
1025 1273 1084 1336 hos
1104 1273 1179 1337 deos

169 1364 341 1446 enumerat,
366 1382 446 1444 quos
470 1360 599 1424 invocat
621 1362 737 1425 flamen
760 1383 885 1426 sacrum
910 1361 1036 1426 Cereale
1059 1361 1179 1425 faciens
1297 1359 1298 1372 ¹

165 1449 344 1513 Ι’1111111111
369 1448 488 1513 Cereri:
516 1449 752 1535 Vervactorem,
777 1450 1015 1536 Reparatorem,
1038 1448 1180 1534 Inporci-

167 1541 284 1623 torcm',
308 1536 492 1624 Insitorem,
517 1536 735 1623 Obaratorem,
759 1537 953 1625 Occatorem,
978 1539 1178 1625 Sarritorem,

166 1625 482 1780 {abrunoinatorem
503 1627 686 1713 Messorem,
707 1627 944 1714 Convectorem,
963 1626 1178 1714 Conditorem,

194 1717 390 1782 romitorem.

258 1807 308 1870 10.
330 1805 414 1870 Fest.
434 1829 462 1870 v.
481 1805 582 1889 puilia
604 1829 634 1888 p.
656 1804 729 1868 250.
754 1843 796 1850 —
819 1805 924 1869 Puilia
948 1827 1024 1869 saxa
1047 1827 1115 1868 esse
1138 1805 1178 1868 ad

166 1898 309 1979 portum,
336 1895 390 1978 qui
415 1895 457 1958 sit
480 1893 653 1958 secundum
676 1893 827 1978 Tiberim,
850 1894 896 1958 ait
918 1893 1037 1958 Fabius
1060 1893 1178 1958 Pictor.

381 2193 419 2275 2.
457 2199 495 2271 Ρ.
524 2198 730 2271 LICINIUS
759 2199 962 2272 CRASSUS

254 2346 377 2419 praetor
399 2343 575 2419 peregrinus
600 2345 757 2422 546s208,
781 2363 838 2404 cos.
859 2340 1018 2423 549s208,
1041 2345 1176 2420 pontifex

167 2432 327 2509 maximus,
355 2432 481 2491 decessit
506 2427 662 2510 571s183.

255 2521 334 2580 Iuris
357 2520 503 2596 pontificii
525 2521 726 2597 peritissimus
751 2519 896 2600 (11130,
914 2513 990 2600 1,5)
1015 2522 1106 2580 etiam
1129 2522 1176 2581 ius

166 2609 254 2670 civile
283 2629 399 2668 summo
423 2610 521 2668 studio
546 2611 700 2686 amplexus
724 2613 777 2670 est.
825 2609 927 2670 Cicero
951 2610 1015 2668 Cat.
1039 2611 1108 2669 mai.
1133 2613 1175 2672 50

167 2693 257 2768 ‘Quid
295 2699 331 2757 de
365 2698 396 2758 P.
424 2699 521 2758 Licini
550 2697 651 2758 Crassi
680 2702 711 2758 11
740 2699 886 2775 pontificii
914 2704 944 2758 et
976 2699 1071 2758 civilis
1101 2699 1176 2758 iuris

167 2787 266 2846 studio
290 2781 433 2859 loquar?'
471 2788 507 2846 de
527 2791 600 2846 orat.
617 2790 645 2862 3,
662 2790 724 2846 134
745 2783 906 2846 ‘haecviuit
924 2788 957 2846 Ρ.
976 2786 1075 2846 Crassi
1093 2788 1176 2846 illius

165 2875 285 2949 veteris,
308 2877 381 2934 haec
405 2875 449 2934 Ti.
474 2874 660 2951 Coruncanii,
682 2878 756 2935 haec
778 2877 883 2952 proavi
905 2876 1008 2952 generi
1031 2877 1090 2933 mei
1114 2875 1176 2935 Sci·

166 2964 278 3040 pionis,
305 2963 530 3039 prudentissimi
553 2965 695 3037 hominis‚
720 2965 879 3043 sapientia,
903 2965 954 3040 qui
977 2983 1078 3024 omnes
1101 2983 1176 3041 pon-

165 3052 262 3112 tifices
295 3053 416 3111 maximi
448 3053 582 3130 fuerunt,
614 3057 649 3112 ut
681 3054 719 3112 ad
751 3072 801 3112 cos
834 3054 870 3112 de
903 3053 1038 3113 omnibus
1068 3053 1176 3113 divinis

165 3145 255 3218 atque
278 3141 416 3200 humanis
440 3142 529 3200 rebus
552 3143 715 3201 referretur
736 3142 885 3217 iidemque
909 3145 939 3201 et
962 3143 993 3200 11
1016 3145 1120 3201 senatu
1146 3145 1176 3202 11

165 3231 245 3306 apud
269 3231 413 3306 populum
437 3233 467 3290 11
490 3230 521 3288 11
544 3232 642 3290 causis
665 3231 829 3290 amicorum
852 3235 883 3290 11
902 3230 982 3290 domi
1001 3234 1031 3289 et
1049 3231 1175 3290 militiae

165 3319 322 3378 consilium
346 3337 432 3378 suum
455 3319 603 3395 fidemque
626 3312 842 3394 praestabant'.

572 3461 766 3536 Responsa.

254 3551 345 3610 Nulla
368 3553 494 3610 exstant.
