2600 3908
193 233 256 297 150
293 233 339 287 Vl.
363 231 498 287 OOTAVI
517 230 615 286 SAEO.
631 231 726 285 rums
746 230 920 286 consum.
936 229 1061 284 saulus
1081 230 1197 284 PRIMA

188 403 288 460 mento
317 419 376 460 non
405 405 485 478 eget,
518 401 610 460 habet
633 400 693 459 alia
720 400 843 459 maiora.
889 400 961 458 haec
990 399 1069 458 enim
1097 402 1201 459 statua

187 491 292 549 mortis
316 490 458 550 honestae
482 489 569 549 testis
593 489 663 565 erit,
691 489 745 546 illa
767 489 910 547 memoria
933 488 1015 547 vitae
1039 488 1199 564 gloriosae,

187 582 223 638 ut
245 580 301 638 hcc
324 579 419 656 magis
438 580 665 638 monumentum
683 577 766 654 grati
785 581 915 652 senatus,
940 595 1030 652 quarn
1049 575 1123 636 clari
1142 577 1200 636 viri

187 669 324 726 futurum
343 669 383 726 sit
402 713 408 726 .
425 715 430 726 .
448 716 453 727 .
473 668 546 726 mihi
565 669 666 724 autem
684 665 857 724 recordanti
871 664 933 724 Ser.
945 665 1072 740 Sulpicii
1086 666 1199 726 multos

187 756 219 814 in
237 759 339 816 nostra
358 753 531 816 familiarite
551 772 712 831 sermones,
735 755 851 832 gratior
869 755 915 812 illi
933 754 1061 832 videtur,
1086 755 1111 812 si
1132 755 1199 832 quis

187 849 233 904 est
257 863 361 904 sensus
384 845 416 903 in
438 847 543 920 morte,
566 862 659 902 aenea
683 846 785 903 statua
807 845 911 902 futura
935 846 965 901 et
988 861 1024 901 ca
1041 843 1199 920 pedestris,

188 953 279 1011 quam
297 935 437 992 inaurata
457 933 603 1010 equestris
623 979 628 990 .
645 979 651 991 .
671 931 793 990 mirifice
814 931 893 990 enim
908 930 1029 991 Servius
1049 932 1199 991 maiorum

188 1022 402 1082 continentiam
422 1022 575 1098 diligebat,
598 1021 689 1079 huius
708 1021 820 1079 sacculi
837 1020 1027 1080 insolentiam
1047 1019 1199 1097 vitupera·

188 1111 241 1170 bat
260 1157 266 1170 .
282 1159 288 1170 .
305 1156 311 1169 .
331 1129 406 1187 quae
430 1111 466 1169 ob
490 1129 537 1169 res
561 1111 606 1169 ita
624 1128 741 1168 censeo:
765 1107 841 1168 Cum
861 1108 942 1168 Serv.
959 1107 1110 1184 Sulpicius
1130 1109 1163 1180 Q.
1179 1111 1198 1168 f.

186 1199 330 1260 Lemonia
360 1199 457 1258 Rufus
491 1199 666 1258 difficillimo
698 1198 742 1256 rei
773 1199 911 1273 publicae
943 1200 1078 1273 tempore
1112 1199 1198 1276 gravi

186 1289 411 1364 periculosoque
439 1288 542 1347 morbo
570 1287 695 1347 affectus
725 1286 936 1346 auctoritatem
966 1289 1089 1345 senatus
1117 1289 1198 1346 salu·

186 1381 306 1454 temque
334 1377 379 1435 rei
406 1377 544 1452 publicae
568 1377 647 1436 vitae
675 1394 746 1435 suae
774 1376 980 1451 praeposuerit
1007 1375 1144 1451 ..isque
1169 1419 1197 1434 ..

186 1467 281 1527 vitam
317 1465 452 1526 amiserit
487 1466 519 1524 in
551 1465 679 1525 maximo
712 1465 755 1524 rei
792 1463 929 1540 publicae
962 1483 1097 1538 munere,

187 1554 306 1614 senatui
329 1555 462 1630 placere,
486 1554 547 1615 Ser.
568 1555 699 1630 Sulpicio
726 1558 860 1612 statuam
883 1553 1051 1629 pedestrem
1075 1571 1197 1612 aeneam

185 1643 216 1702 in
248 1644 353 1704 rostris
387 1661 424 1702 ex
454 1644 544 1703 huius
576 1643 689 1702 ordinis
722 1643 870 1701 sententia
903 1641 999 1700 statui
1026 1642 1196 1720 circumque
1288 1655 1289 1722 ξ

186 1752 254 1792 eum
278 1736 411 1794 statuam
439 1733 539 1793 locum
563 1732 644 1791 ludis
666 1730 942 1809 gladiatoribusque
965 1730 1076 1789 liberos
1099 1734 1197 1805 poste·
1287 1779 1289 1808 ,

186 1841 294 1898 rosque
324 1823 387 1882 eius
415 1840 533 1897 quoque
561 1838 666 1879 versus
694 1819 784 1894 pedes
810 1819 941 1896 quinque
965 1819 1088 1895 habere,
1117 1819 1196 1896 quod
1269 1875 1289 1902 ,ἲ

185 1911 211 1970 is
236 1911 273 1970 ob
301 1929 365 1970 rem
392 1910 545 1986 pubhcam
571 1913 700 1968 mortem
727 1908 835 1968 obierit
862 1927 986 1983 eamque
1015 1926 1139 1967 causam
1166 1909 1195 1966 in
1287 1903 1289 1976 l

185 1999 250 2058 basi
278 1998 411 2074 inscribi,
445 1998 548 2073 utiquc
572 1995 602 2056 (l.
626 1995 724 2056 Pansa
752 1997 787 2056 A.
811 1995 929 2054 Hirtius
959 1997 1095 2056 consules
1120 1997 1196 2056 alter
1288 2041 1289 2044 η

187 2088 325 2162 ambove,
349 2087 375 2145 si
398 2087 440 2144 eis
464 2086 615 2162 videatur,
640 2086 849 2160 quaestoribus
873 2086 956 2144 urbis
979 2085 1137 2162 imperent,
1160 2089 1194 2144 ut

186 2194 252 2234 eam
270 2175 369 2233 basim
387 2177 577 2250 statuamque
597 2175 764 2233 faciendam
782 2177 813 2232 et
830 2175 862 2232 in
880 2174 986 2234 rostris
1005 2176 1196 2234 statuendam

186 2263 286 2322 locent
309 2263 473 2339 quantique
495 2263 670 2341 locaverint,
692 2266 809 2322 tantam
832 2263 990 2339 pecuniam
1012 2263 1197 2339 redemptori

187 2352 416 2411 adtribuendam
439 2352 670 2428 solvendamque
691 2355 797 2410 curent
878 2355 909 2411 et
928 2397 951 2412 ..
972 2354 1111 2410 senatum
1130 2371 1196 2411 cen·

187 2460 252 2500 sere
272 2447 362 2518 atque
381 2460 396 2500 e
414 2459 446 2499 re
461 2441 582 2516 publica
596 2441 776 2518 existimare,
795 2441 905 2500 aediles
920 2441 1039 2500 curules
1055 2439 1196 2516 edictum,

187 2531 267 2608 quod
290 2531 326 2590 de
350 2531 504 2589 funeribus
528 2531 666 2602 babeant,
691 2528 752 2588 Ser.
773 2529 900 2605 Sulpicii
919 2576 944 2590 ..
963 2530 1068 2588 funere
1092 2530 1196 2588 remit·

186 2623 260 2698 tere,
284 2620 388 2696 utique
411 2620 511 2679 locum
530 2621 686 2695 sepulchro
704 2619 736 2677 in
755 2637 859 2694 campo
874 2617 1031 2694 Esquilino
1051 2616 1083 2677 0.
1097 2618 1196 2678 Pansa

187 2710 300 2787 consul,
324 2727 459 2785 seuque
483 2709 514 2767 in
537 2709 602 2768 loco
626 2707 789 2784 videbitur,
812 2708 902 2783 pedes
926 2705 1053 2784 triginta
1077 2727 1196 2784 quoque

186 2816 290 2856 versus
319 2797 464 2874 assignet,
497 2817 556 2874 quo
584 2796 647 2856 Ser.
671 2796 820 2872 Sulpicius
848 2797 1016 2868 inferatur,¹
1043 2795 1123 2872 quod
1151 2815 1196 2856 se-

186 2887 344 2963 pulchrum
367 2886 471 2961 ipsius,
495 2887 658 2945 liberorum
680 2887 928 2962 posterorumque
950 2885 1013 2943 cius
1038 2887 1125 2960 esset,
1149 2885 1197 2944 uti

188 2975 266 3051 quod
290 2975 403 3048 optimo
426 2975 491 3032 iure
507 2973 633 3055 publice
658 2973 849 3048 sepulchrum
872 2974 976 3032 datum
1000 2967 1097 3032 esset'

276 3061 321 3120 De
350 3064 452 3121 statua
480 3061 582 3123 Servio
610 3061 730 3136 publice
757 3061 856 3136 posita
883 3062 1081 3137 Pomponium
1109 3061 1129 3134 ἓ
1155 3064 1195 3122 43

187 3151 298 3210 referre
313 3171 340 3226 p.
354 3152 415 3210 139
431 3150 570 3210 vidimus.
594 3144 707 3210 ‘rostra
720 3144 869 3227 Augusti'
879 3169 939 3210 non
953 3151 1013 3209 alia
1027 3169 1091 3210 esse
1105 3153 1197 3228 atque

188 3239 322 3300 Caesaris
349 3242 448 3298 rostra
473 3239 583 3300 Iordan
612 3239 819 3316 Topographie
838 3239 868 3296 II
892 3261 919 3316 p.
936 3241 998 3299 228
1019 3259 1046 3299 n.
1084 3240 1198 3298 iudicat

188 3329 313 3389 addens:
339 3322 412 3388 ‘Der
435 3331 575 3388 seltsame
589 3327 750 3386 Ausdruch
775 3328 887 3388 erklart
910 3329 973 3388 sich
996 3329 1194 3388 wahrschein·

188 3419 248 3479 lich
275 3419 369 3478 durch
398 3417 462 3478 eine
490 3439 542 3478 zur
565 3418 631 3476 Zeit
658 3417 709 3476 des
735 3416 916 3493 Pomponius
945 3417 1039 3476 durch
1061 3416 1197 3477 Hadrian
1288 3433 1289 3442 ¹

35 3560 67 3567 ,.
188 3509 315 3587 erfolgte
347 3507 657 3586 Wiederherstellung
689 3506 741 3566 der
773 3511 872 3567 rostra
903 3507 985 3566 aedis
1017 3506 1079 3566 divi
1111 3501 1196 3566 Iuli'.
1288 3497 1289 3568 ?

188 3597 327 3658 dissentit
349 3596 416 3658 Ohr.
439 3598 572 3658 Huelsen
594 3597 626 3656 in
648 3595 759 3656 litteris
782 3596 821 3655 ad
843 3614 891 3654 me
915 3595 1001 3655 datis.

613 3753 772 3762 -——-—--
