2588 3908
192 217 337 300 18211.
358 215 722 272 ocravrsnnc.1uars
743 212 916 270 consum.
936 211 1063 267 snmus
1083 212 1199 267 PRIMA

280 386 391 445 Paulus
410 387 538 445 fortasse
558 385 690 460 scripsit:
714 379 778 444 ‘sed
796 383 898 444 verius
917 383 971 459 est,
989 383 1065 455 qaod
1082 379 1201 440 Servius

191 477 350 548 respondit,
383 469 448 534 eos’
482 478 513 533 et
545 495 571 552 q.
596 493 618 534 s.
673 475 709 532 ef.
732 473 768 532 D.
794 474 850 549 38,
875 474 904 550 7,
929 472 968 530 16
1003 464 1048 529 ⁸..
1076 469 1200 530 Servius

191 563 376 675 responditz,
396 564 448 640 qui
481 581 548 622 cum
583 561 773 637 consulebat,
810 559 981 619 Cornelium
1012 559 1200 634 respondisse

191 653 290 713 arebat

300 794 343 851 De
361 797 489 851 tabernac
503 795 621 863 pistrini
639 809 779 862 carrporrae
797 793 976 847 instrumento
994 791 1089 862 lepctc.

278 896 330 960 44.
363 895 402 959 D
421 895 478 970 33,
498 895 531 975 7,
553 893 594 958 15
607 915 654 977 pr
699 891 897 976 Pomponius
925 891 1010 956 libro
1039 895 1130 954 sexto
1096 891 1201 954 tad

192 983 347 1048 Sabinum
376 981 426 1070 (P.
447 943 538 1068 490).
593 979 745 1047 Siitat
731 984 925 1046 testamento
954 980 1109 1081 scriptum
1140 979 1201 1044 sit:

192 1072 285 1157 quae
299 1072 509 1136 tabernarum
524 1069 772 1134 exercendarum
786 1068 1048 1133 instruendarum
1067 1067 1202 1150 pistrini

191 1181 355 1244 cauponae
384 1181 481 1224 causa
507 1158 595 1224 facta
621 1163 799 1243 parataque
827 1161 916 1242 sunt,
949 1158 989 1223 do
1018 1155 1119 1241 lego',
1146 1156 1200 1220 his

190 1250 296 1313 verbis
320 1245 450 1312 Servius
475 1247 643 1331 respondit
665 1251 698 1312 et
721 1247 878 1330 caballos,
907 1246 963 1330 qui
989 1245 1024 1309 in
1052 1245 1200 1328 pistrinis

191 1343 309 1420 essent,
337 1342 370 1401 et
396 1337 536 1422 pistores
565 1336 634 1401 et
624 1359 658 1400 rn
684 1335 842 1419 cauponio
865 1335 1032 1399 institores
1057 1337 1090 1398 et
1113 1331 1203 1398 foca-

190 1427 284 1511 riam,
306 1447 499 1511 mercesque,
523 1448 603 1510 quae
627 1427 661 1489 in
683 1425 735 1490 his
759 1424 904 1488 tabernis
928 1425 1036 1488 essent
1040 1423 1161 1507 ,tlega
1162 1445 1199 1488 as

188 1515 297 1579 videri.

277 1609 313 1668 cf.
341 1609 390 1668 lex
417 1609 533 1668 metalli
562 1609 753 1685 Vipascensis
782 1609 801 1666 l.
828 1611 866 1667 17
901 1601 1019 1684 (Bruns
1047 1626 1076 1681 p.
1101 1597 1202 1688 267):

189 1693 252 1776 ‘qui
270 1698 367 1758 mulos
385 1699 482 1757 mulas
502 1699 601 1757 asinos
621 1698 719 1756 asinas
739 1695 902 1756 caballos
926 1713 1018 1772 equas
1038 1694 1094 1754 sub
1113 1714 1201 1771 prae·

189 1805 260 1847 cone
284 1780 471 1847 vendiderit'.
545 1839 547 1844 .

570 1866 614 1921 Dc
631 1882 700 1920 3333
719 1866 815 1936 339333.

277 1968 329 2034 45.
359 1967 399 2032 D.
413 1968 466 2050 21,
481 1968 511 2048 2,
524 1967 577 2030 44.
620 1964 754 2030 Alfenus
778 1965 861 2030 libro
886 1960 1024 2029 secundo
1048 1962 1202 2049 Digesto·

189 2078 260 2121 rum
292 2079 311 2121 a
339 2056 440 2120 Paulo
474 2055 724 2138 epitomatorum
751 2050 801 2140 (P.
824 2051 892 2137 45).
943 2050 1103 2137 Scapham
1133 2075 1201 2118 non

189 2145 291 2208 videri
318 2143 410 2208 navis
434 2163 503 2207 esse
526 2142 693 2226 respondit
714 2165 774 2208 nec
797 2143 968 2226 quiequam
992 2142 1201 2206 coniunctum

188 2231 317 2316 habere,
339 2254 416 2296 nam
436 2231 587 2316 scapham
607 2232 713 2314 ipsam
731 2253 787 2314 per
806 2253 840 2296 sc
859 2252 992 2314 parvam
1011 2229 1200 2296 naviculam

189 2340 273 2384 esse:
297 2320 406 2385 omnia
427 2323 545 2403 autem,
570 2341 651 2404 quae
670 2322 840 2385 coniuncta
858 2319 934 2383 navi
953 2322 1062 2383 essent
1081 2314 1201 2405 (veluti

188 2409 406 2493 gubernacula
434 2409 538 2474 malus
569 2413 737 2474 antemnae
765 2407 901 2493 velum),
934 2407 1027 2491 quasi
1054 2408 1201 2472 membra

187 2520 280 2564 navis
304 2519 382 2563 esse.

546 2584 590 2638 De
603 2585 725 2654 pecunia
743 2585 840 2656 lepcta.

277 2687 328 2750 46.
352 2685 391 2750 Ι).
406 2685 458 2768 32,
472 2685 525 2768 29,
540 2685 568 2748 2.
592 2683 700 2750 Labeo
720 2684 803 2748 libro
825 2682 963 2748 secundo
983 2683 1199 2766 posteriorum
1277 2729 1278 2756 2

190 2774 383 2839 alavoleno
408 2775 658 2858 epitomatorum
681 2771 730 2860 (P.
752 2768 840 2858 171).
879 2769 959 2836 Oum
984 2772 1030 2835 ita
1053 2771 1200 2855 legatum
1277 2783 1278 2794 ¹

189 2867 285 2927 esset:
310 2862 443 2946 ‘quanta
465 2863 601 2945 pecunia
625 2884 664 2926 ex
686 2862 864 2925 hereditate
887 2858 967 2923 Titii
991 2859 1032 2923 ad
1056 2881 1106 2923 me
1130 2882 1201 2944 per·

189 2951 291 3032 venit,
322 2954 448 3014 tantam
481 2951 650 3031 pecuniam
682 2949 775 3012 heres
803 2971 893 3013 meus
922 2946 1013 3013 Seiae
1041 2946 1140 3031 dato',
1167 2949 1199 3013 id
1277 2961 1278 2972 ¹

189 3039 333 3123 legatum
356 3036 602 3122 putatLabeo,
629 3038 713 3122 quod
740 3038 938 3120 acceptum'
929 3060 964 3101 m
986 3036 1107 3101 tabulis
1131 3039 1199 3102 suis

190 3149 229 3191 ex
262 3148 299 3191 ea
331 3126 510 3191 hereditate
537 3129 675 3190 testator
701 3130 751 3190 ret
737 3125 895 3190 ttulisset:
929 3130 1071 3190 ceterum
1100 3131 1199 3210 negat

189 3215 367 3281 cavendum
389 3214 500 3279 heredi
521 3237 540 3280 a
558 3214 724 3299 legatario,
748 3216 775 3280 si
798 3214 873 3299 quid
892 3205 976 3279 faite
994 3218 1110 3298 postea
1129 3215 1198 3279 eius
1277 3205 1278 3218 ¹

188 3304 359 3370 hereditat
335 3309 378 3369 trs
400 3304 531 3369 nomine
554 3303 648 3368 heres
672 3303 803 3368 damnet
789 3308 842 3368 tus
867 3306 961 3368 esset
1000 3323 1060 3388 ego
1084 3307 1162 3368 cont
1163 3327 1199 3368 ra
1277 3319 1278 3354 ³

188 3396 282 3478 pute,
309 3393 472 3478 quianon
495 3393 729 3476 potesttvideri
756 3393 941 3477 pervenisse
970 3391 1011 3456 ad
1038 3391 1198 3476 heredem,
1276 3433 1277 3478 3

189 3481 275 3566 quod
300 3484 368 3547 eius
391 3481 580 3546 hereditatis
598 3481 729 3545 nomine
747 3485 970 3565 praestaturus
990 3483 1088 3545 esset:
1111 3480 1198 3545 idem

190 3570 325 3636 Alfenus
349 3569 456 3636 Varus
481 3569 592 3636 Servio
616 3572 774 3654 placuisse
799 3569 920 3634 scribit.
