2614 3914
421 226 446 275 4.
474 219 589 275 AULUS
608 217 824 277 CASCELLIUS
1063 223 1129 288 375
1212 235 1215 242 '

472 389 517 444 De
534 389 620 445 edicto
638 389 778 446 cadiliaco.

209 490 261 556 17.
298 488 440 554 Macrob.
473 494 533 555 sat.
562 491 595 571 2,
618 490 652 573 6,
678 492 705 554 1.
747 489 925 574 lapidatus
958 514 977 556 a
1008 494 1128 577 populo

121 576 285 664 Vatinius,
309 600 381 642 cum
405 579 636 664 gladiatorium
659 600 776 643 munus
799 580 920 664 ederet,
944 581 1129 647 obtinuerat

25 673 27 694 '
118 672 155 734 ut
182 667 302 733 aediles
330 667 506 753 edicerent,
532 689 573 732 ne
601 667 672 753 quis
699 669 733 732 in
757 689 887 733 arenam
909 669 973 734 nisi
995 693 1127 755 pomum

118 759 245 822 misisse
273 756 389 822 vellet.v
424 756 507 822 forte
534 756 586 820 his
614 755 727 821 diebus
756 754 931 823 Cascellius
959 760 1127 825 consultus

24 871 26 884 ’
117 869 138 911 a
161 845 315 930 quodam,
338 866 379 910 an
403 867 468 910 nux
490 845 586 929 pinea
609 867 740 929 pomum
763 850 862 930 esset,
885 849 1064 932 respondit:
1090 848 1129 914 Si

118 936 152 999 iu
177 935 339 1001 Vatinium
360 935 514 1000 mosum
535 939 587 1018 est,
607 954 736 1016 minum
759 940 809 1000 est.

352 1169 393 1230 Π.
420 1169 598 1229 rusiorum
621 1155 897 1231 oaseerlianum.

21 1353 22 1376 ,
207 1293 273 1354 Gai.
284 1271 317 1372 ¹4,
338 1295 409 1355 166.
525 1293 614 1353 iudex
636 1294 716 1370 apud
739 1314 828 1370 quom
852 1295 888 1355 de
912 1315 947 1355 ea
970 1316 1001 1355 re
1025 1298 1128 1376 agitur

20 1409 21 1476 ,
116 1383 192 1444 illud
216 1427 250 1445 ..
272 1383 401 1458 requirit
422 1377 545 1461 <quod>
568 1385 690 1458 praetor
712 1383 872 1444 interdicto
892 1377 947 1467 (so.
965 1385 1013 1445 uti
1031 1388 1125 1462 possi·

20 1491 21 1520 r
117 1466 211 1554 detis)
241 1472 412 1548 complexus
443 1475 502 1549 est,
531 1472 562 1531 id
592 1475 639 1532 est
668 1477 736 1532 uter
766 1491 869 1532 eorum
899 1492 965 1533 eum
999 1475 1127 1535 fundum

19 1617 21 1630 ,
117 1580 204 1622 easve
234 1560 322 1621 aedes
343 1560 452 1638 perid
474 1567 592 1637 tempus
616 1579 675 1638 quo
698 1561 892 1621 interdictum
914 1563 1051 1622 redditur
1073 1583 1127 1624 neo

19 1639 20 1700 ἶ
116 1650 148 1711 vi
173 1669 229 1710 nec
258 1649 335 1709 elam
362 1669 417 1710 neo
445 1649 579 1725 precario
602 1649 777 1725 possederit.
823 1669 892 1709 cum
914 1651 1004 1710 iudex
1026 1653 1057 1711 id
1080 1673 1127 1712 ex-

18 1793 19 1798 ,
116 1738 282 1815 ploraverit
298 1741 329 1798 et
342 1739 420 1798 forte
435 1737 597 1798 secundum
611 1756 658 1796 me
672 1731 838 1798 iudicatum
854 1739 902 1813 sit,
921 1740 1128 1801 adversarium

18 1817 19 1900 l
117 1828 191 1886 mihi
220 1830 252 1886 et
279 1827 448 1903 sponsionis
477 1829 508 1886 et
534 1826 774 1902 restipulationis
801 1845 933 1887 summas
961 1847 1036 1904 quas
1059 1848 1128 1889 cum

17 1903 19 1994 l
115 1935 152 1976 eo
188 1916 247 1976 feci
284 1916 474 1993 condemnat,
507 1919 537 1975 et
574 1915 783 1976 convenienter
814 1936 861 1976 me
894 1917 1062 1992 sponsionis
1095 1924 1126 1978 et

17 2005 18 2008 ’
116 2004 364 2082 restipulationis,
388 2023 464 2082 quae
487 2023 604 2064 mecum
622 2005 719 2080 factae
738 2008 817 2084 sunt,
840 2005 977 2066 absolvit.
1020 2012 1051 2066 et
1069 2008 1126 2068 hoc

17 2125 18 2130 κ
115 2095 261 2172 amplius,
289 2093 315 2152 si
342 2093 423 2169 apud
445 2093 650 2152 adversarium
674 2113 774 2153 meum
795 2095 943 2171 possessio
968 2099 1026 2170 est,
1055 2097 1126 2174 quia

117 2183 143 2242 is
161 2184 281 2242 fruetus
299 2181 465 2242 licitatione
483 2182 565 2256 vicit,
584 2183 643 2242 nisi
656 2183 798 2242 restituat
811 2183 886 2242 mihi
899 2185 1126 2265 possessiouem,
1214 2258 1217 2266 Ι

117 2271 302 2331 Cascelliano
326 2271 388 2332 sire
412 2271 560 2330 secutorio
584 2271 693 2330 iudicio
716 2272 939 2332 condemnatur.
987 2275 1049 2334 169

115 2359 301 2420 Cascelliano
334 2360 396 2420 sire
427 2361 573 2419 secutorio
601 2360 711 2419 iudicio
739 2361 775 2419 de
802 2361 990 2437 possessione
1017 2364 1128 2439 recipe·

116 2449 210 2509 raudo
237 2449 463 2532 experitur
489 2447 634 2507 iudicium
662 2452 867 2524 comparatum
894 2454 941 2509 est
968 2452 1048 2526 quod
1075 2473 1127 2529 ap-

116 2539 251 2615 pellatur
277 2537 489 2613 fructuarium,
517 2555 576 2612 quo
603 2535 723 2596 nomine
751 2541 834 2596 actor
860 2539 1027 2598 iudicatum
1050 2541 1127 2599 solvi

116 2627 191 2686 satis
229 2625 347 2702 accipit
401 2625 512 2686 dicitur
544 2671 578 2686 ..
611 2628 642 2683 et
675 2625 731 2684 hoc
762 2624 906 2685 iudicium
934 2627 1125 2704 secutorium‚

19 2773 21 2780 ,
116 2715 197 2793 quod
225 2715 362 2791 sequitur
389 2713 556 2790 sponsionis
584 2713 753 2788 victoriam3
782 2713 834 2773 sed
858 2714 914 2773 hoc
937 2733 1030 2792 aeque
1055 2715 1127 2776 Cas·

114 2803 276 2864 cellianum
297 2807 431 2864 vocatur.

333 3093 335 3100 y
360 3016 415 3076 III.
447 3016 541 3076 Bene
566 3015 744 3075 dictorum
767 3016 882 3076 liber?

205 3141 388 3217 Pomponius
411 3137 431 3215 ἓ
453 3142 509 3202 45:
534 3135 684 3200 ‘Cascellii
707 3141 818 3216 scripta
840 3160 899 3200 non
923 3145 1042 3202 exstent
1068 3143 1127 3202 nisi

115 3249 194 3291 unus
217 3230 293 3289 liber
318 3231 393 3289 bene
417 3224 586 3289 dictorum’.
631 3247 670 3288 an
691 3228 769 3288 liber
791 3229 829 3288 ad
851 3230 899 3290 ius
923 3230 1010 3290 civile
1033 3232 1126 3306 perti-

109 3320 216 3380 nuerit
252 3319 417 3379 dubitatur.
473 3317 563 3378 Sunio
596 3314 798 3394 (Varroniano
828 3338 859 3393 p.
881 3311 961 3399 266)
994 3337 1063 3377 eum
1094 3320 1126 3378 in

116 3427 205 3468 usum
231 3407 279 3467 ius
307 3407 488 3467 discentium
515 3407 660 3483 scriptum
687 3423 752 3465 esse
779 3406 899 3484 conicit,
928 3407 1008 3483 quod
1032 3407 1125 3467 Lenel

116 3499 208 3575 negat
222 3489 269 3578 (P.
287 3497 312 3573 I,
333 3499 394 3557 107
414 3516 442 3556 n.
464 3487 506 3577 1).
539 3498 620 3556 certe
639 3513 658 3553 a
675 3495 752 3553 libro
776 3493 890 3553 alienae
910 3499 980 3554 sunt
998 3497 1125 3557 facetiae

117 3584 261 3646 Cascellio
285 3605 303 3645 a
325 3585 455 3646 Macrob.
476 3587 504 3662 2,
526 3588 543 3645 6
564 3587 595 3643 et
613 3583 736 3653 Quintil.
756 3583 827 3644 inst.
846 3601 886 3643 or.
908 3586 936 3662 6,
957 3586 986 3662 3,
1008 3587 1047 3644 67
1072 3585 1126 3645 ad-
