2600 3908
310 192 333 242 v.
358 187 389 252 o.
409 186 544 242 nuoms
563 187 732 243 11111.
748 185 936 243 sossvoun
987 165 990 174 '
1085 185 1125 248 71

207 354 349 414 Eiusdem
376 359 503 414 fortasse
530 356 589 416 loci
617 356 709 414 etiam
737 359 795 432 est,
826 374 902 430 quae
930 355 1062 414 Mucium
1089 353 1126 413 de

111 463 196 504 nexu
210 447 241 503 et
255 443 292 502 de
305 444 342 502 iis
358 463 433 520 quae
448 445 595 520 mancipio
610 445 728 520 dentur,
745 444 898 519 scripsisse
912 443 1009 503 Varro
1024 443 1125 503 tradit.

210 557 249 618 1⁰.
277 552 382 618 Varro
409 554 447 618 de
470 555 491 618 1.
510 555 529 618 1.
554 556 631 636 ut,
652 553 724 619 105.
750 590 787 600 -
815 551 969 638 (Nexum)
988 551 1126 618 Mucius:

115 665 199 727 quae
228 665 286 727 per
314 665 368 706 aes
391 647 429 706 et
455 643 572 707 libram
600 643 694 727 fiant,
722 647 758 707 ut
787 643 972 728 obligentur
997 645 1126 728 praeter

115 753 199 816 quae
224 731 386 814 mancipio
409 732 534 797 dentur.

207 850 350 911 011661.
371 854 442 912 165.
469 883 507 894 -
533 845 661 912 ‘Nexum
683 855 738 928 est,
760 855 796 913 ut
819 854 863 911 ait
886 852 990 912 Aelius
1012 849 1127 927 GalluS,

117 940 324 1017 quodcumque
343 960 397 1016 per
415 961 464 1000 aes
484 945 515 1000 et
531 941 640 1001 libram
653 943 777 1020 geritur.
809 941 898 1018 idque
912 941 992 1000 neoti
1007 939 1126 1002 dicitnr.

118 1049 178 1107 quo
201 1029 230 1088 in
254 1049 363 1107 genere
387 1035 457 1089 sunt
479 1031 564 1090 haec:
587 1031 761 1090 testamenti
783 1031 874 1088 factio
899 1024 965 1092 ...³
1046 1089 1048 1091 .

207 1117 317 1177 Utrum
348 1121 561 1178 testamentum
593 1119 672 1195 quod
703 1137 757 1194 per
783 1119 1033 1195 mancipationem
1059 1137 1126 1194 per-

117 1209 228 1286 agitur,
250 1207 343 1266 Mucii
364 1211 509 1282 tempore„
522 1208 684 1266 secuudum
707 1207 863 1284 antiquam
887 1226 926 1266 an
945 1208 1006 1266 iam
1025 1225 1126 1266 secun-

117 1297 190 1358 dum
218 1315 325 1355 novam
352 1296 479 1354 formam
507 1296 677 1354 ordinatum
704 1297 756 1373 sit,
783 1297 938 1356 nescimus.
986 1295 1063 1354 illud
1090 1299 1126 1354 ut

117 1389 286 1444 statuamus
309 1385 433 1444 suadere
456 1384 613 1461 videatur,
632 1384 713 1459 quod
735 1383 867 1444 Mucium
891 1385 926 1444 de
949 1385 1058 1460 herede
1081 1385 1126 1442 in·

117 1473 269 1533 stituendo
292 1491 441 1550 nusquam
462 1472 592 1532 vidimus
616 1473 726 1550 egisse:
749 1473 784 1531 D.
806 1475 855 1549 28,
873 1475 1023 1548 3,1apr.,
1046 1471 1126 1549 quod

11 1561 12 1582 ¹
117 1563 210 1621 Lenel
234 1562 332 1620 Mucio
359 1561 512 1634 attribuit,
541 1561 604 1620 eius
631 1580 692 1620 non
719 1579 783 1620 esse
811 1581 902 1638 supra
930 1561 1044 1620 dictum
1071 1564 1126 1619 est.

116 1651 219 1728 itaque
247 1650 380 1709 Mucium
411 1651 507 1726 primo
539 1649 615 1708 libro
649 1650 739 1709 etiam
772 1650 808 1708 de
835 1651 943 1728 legatis
972 1651 1126 1724 scripsisse

116 1741 211 1799 conici
229 1742 338 1814 potest.
374 1739 497 1798 Persice
513 1738 613 1797 Labeo
627 1739 651 1814 Ι,
667 1741 730 1798 324
744 1759 772 1796 n.
789 1741 807 1798 3
827 1739 859 1798 in
877 1739 912 1796 D.
928 1741 979 1814 50,
996 1741 1045 1813 16,
1062 1740 1126 1797 120

116 1827 209 1887 Mucii
231 1827 326 1903 ipsius
348 1828 440 1886 verba
460 1828 573 1886 tradita
591 1846 654 1887 esse
674 1829 754 1900 dicit,
777 1828 857 1903 quod
877 1845 972 1902 neque
992 1825 1128 1886 convinci

116 1936 213 1994 neque
240 1916 337 1975 refelli
361 1921 468 1993 potest.
516 1917 553 1976 cf.
572 1916 714 1976 Karlowa
736 1915 780 1991 II,
801 1919 855 1990 76,
875 1918 947 1976 854.
994 1934 1062 1974 cunr
1090 1916 1126 1974 da

11 2081 12 2086 η
116 2024 148 2064 16
172 2007 238 2082 ipsa
255 2005 373 2064 Mucius
397 2006 460 2064 sine
484 2005 573 2065 dubio
598 2006 806 2083 disputaverit,
830 2005 987 2081 Pomponii
1011 2009 1126 2064 senten-

115 2095 191 2154 tiam
213 2095 342 2170 profero.

11 2273 12 2300 ,
205 2206 235 2270 2.
259 2203 297 2268 D.
313 2205 365 2282 50,
382 2205 431 2288 16,
447 2205 520 2269 120.
555 2202 645 2268 Idem
664 2201 892 2290 (Pomponius)
912 2205 994 2270 libro
1014 2207 1126 2288 quinto

11 2307 13 2362 1
116 2295 156 2358 ad
187 2293 342 2370 Quintum
370 2292 518 2357 Mucium.
570 2292 686 2357 Verbis
718 2294 801 2378 legis
834 2293 1001 2358 duodecim
1033 2296 1126 2359 tabu-

11 2381 12 2400 ³
116 2384 221 2447 larum
243 2382 295 2446 his
319 2382 380 2445 ‘uti
401 2381 538 2464 legessit
557 2403 633 2445 suae
651 2382 706 2464 rei,
729 2383 776 2445 ita
794 2380 844 2446 ius
864 2382 946 2448 esto'
965 2383 1127 2448 latissima

117 2476 262 2555 potestas
281 2470 405 2536 tributa
419 2469 545 2533 videtur
564 2474 596 2532 et
614 2470 739 2534 heredis
758 2470 948 2534 instituendi
968 2475 1000 2536 et
1016 2472 1127 2556 legata

116 2565 149 2624 et
171 2560 339 2623 libertates
364 2558 473 2638 dandi,
496 2558 616 2622 tutelas
640 2579 767 2642 quoque
791 2559 1018 2624 constituendi.

537 2785 644 2843 Liber
666 2783 705 2843 H.

532 2901 578 2959 Dc
601 2902 708 2975 lcpct's

203 3017 278 3076 Hoc·
308 3017 385 3075 libro
422 3015 554 3074 Mucium
590 3016 626 3075 de
662 3015 770 3092 legatis
808 3017 962 3094 scripsisse
999 3022 1126 3078 constat.

117 3109 247 3184 quatuor
274 3106 443 3182 legatorum
468 3105 522 3164 illa
544 3123 666 3181 genera,
696 3104 732 3163 (16
756 3105 864 3180 quibus
889 3105 981 3165 Gaius
1000 3106 1040 3182 ΙΙ,
1062 3109 1124 3167 192

11 3203 12 3208 ’
117 3196 188 3273 agit,
208 3195 307 3252 Mucio
326 3193 458 3252 nondum
477 3197 550 3252 nota
568 3197 666 3252 erant:
684 3193 716 3251 in
735 3194 913 3269 fragmentis
927 3214 987 3254 non
999 3195 1059 3254 nisi
1072 3215 1127 3270 per

117 3283 339 3343 damnationem
362 3283 533 3360 legatarum
556 3301 657 3340 rerum
679 3283 791 3342 mentio
816 3283 858 3342 fit.
882 3285 918 3342 cf.
938 3283 974 3343 D.
994 3286 1044 3356 33,
1062 3287 1123 3356 1‚7

117 3366 266 3451 (damnas
300 3375 364 3430 esto
398 3365 508 3449 dare');
542 3372 592 3444 34,
613 3373 642 3446 4,
662 3372 751 3449 34,1
781 3364 855 3452 (‘uti
883 3372 970 3431 heres
1000 3365 1124 3453 duret),

117 3462 348 3539 45,1,115,2
380 3452 544 3540 (beredern
569 3459 595 3518 si
618 3460 687 3518 dare
711 3461 859 3534 potuisset
881 3479 936 3519 nec
959 3453 1124 3540 dedisset’).

118 3550 196 3626 quod
232 3550 275 3608 rei
307 3565 361 3624 per
392 3547 624 3634 vindicationem
655 3549 775 3624 legatae
807 3547 926 3606 nullum
957 3549 1126 3622 exemplum
