2602 3912
184 221 228 286 20
271 220 318 276 Ill.
344 218 490 274 SEPTIMI
510 216 610 273 SADC.
630 216 725 273 lURIS
745 215 920 272 CONSULT.
936 215 1061 272 snmus
1080 215 1197 270 PRIMA

185 388 222 448 ut
246 386 295 447 est
317 383 456 446 relatum
480 379 565 465 apud
591 379 724 445 Sextum
746 379 962 464 Pomponium
982 379 1196 463 Digestorum

186 473 227 538 ab
252 471 402 536 Aristone
425 471 509 535 libro
534 469 657 554 quinto.

273 565 333 625 Pro
357 563 469 624 Catone
492 564 619 624 fortasse
643 561 819 640 Capitonem
843 561 1034 622 scribendum
1056 579 1121 622 esse
1144 561 1197 620 ad·
1290 553 1291 556 '

186 658 272 716 notat
294 653 403 732 Lonel,
425 672 530 714 vercor
552 656 588 711 nt
610 654 699 710 recta.
1290 651 1291 656 ’

275 757 305 821 2.
333 755 373 819 D.
392 754 445 837 34,
465 755 494 833 'l,
511 755 527 818 l
544 775 591 838 pr.
641 751 754 818 Celsus
782 752 866 816 libro
889 751 1057 836 trigesimo
1082 751 1197 835 quinto

188 845 397 930 Digestorum
418 842 469 927 (P.
487 841 578 927 250).
600 877 640 887 -
667 839 849 906 Catoniana
872 841 986 924 regula
1009 841 1055 905 sic
1078 839 1202 925 delinit¹

190 934 285 1018 quod,
308 933 336 996 si
358 931 548 996 testamenti
570 929 650 994 facti
673 934 819 1014 tempore
841 929 1032 994 decessisset
1050 932 1200 1010 testator,

188 1022 303 1086 inutile
339 1019 437 1102 foret,
474 1019 506 1083 id
539 1019 684 1104 legatum
718 1017 984 1102 quandocumque
1017 1017 1200 1096 decesserit,

189 1132 252 1176 non
276 1109 394 1174 valere.

277 1201 473 1262 Catonianam
509 1201 594 1260 illam
630 1200 767 1278 regulam
803 1200 893 1260 etiam
926 1200 1023 1260 nostri
1053 1201 1200 1276 temporis
1289 1227 1290 1232 ¹

188 1292 264 1352 iuris
282 1291 387 1368 peritis
406 1294 509 1349 notam
528 1288 672 1349 aCatone
691 1289 753 1349 filio
771 1308 879 1348 nomen
898 1289 1017 1349 duxisse
1036 1289 1199 1349 verisimile
1289 1299 1291 1356 t

188 1385 247 1441 ost:
285 1399 320 1439 ex
356 1379 445 1437 huius
481 1397 622 1454 responso
660 1378 728 1438 aliis
765 1379 891 1454 probato
924 1379 1062 1456 regulam
1093 1381 1201 1454 postea
1289 1361 1291 1386 ³

189 1471 309 1529 demum
341 1468 493 1527 definitam
521 1486 586 1527 essa
613 1471 696 1544 puto.
745 1467 847 1544 itaque
875 1468 955 1544 quod
982 1467 1094 1526 Paulus
1121 1467 1200 1528 libro

189 1563 272 1619 sexto
296 1558 409 1616 decimo
433 1557 471 1616 ad
493 1556 646 1616 Plautium
670 1549 722 1636 (D.
738 1558 789 1629 50,
806 1558 888 1631 17,1
914 1556 946 1614 P.
963 1551 1063 1634 1230)
1085 1560 1201 1615 monet:

192 1642 262 1707 ‘non
285 1667 321 1706 ex
343 1647 449 1724 regula
470 1646 517 1704 ius
542 1648 688 1722 sumatur,
711 1645 763 1704 sed
787 1664 821 1703 ex
844 1645 908 1703 iure
932 1644 1010 1720 quod
1031 1647 1078 1704 cst
1096 1645 1203 1722 regula

191 1729 260 1796 fiat'
288 1737 320 1795 in
346 1737 401 1794 hac
429 1735 535 1810 regula
562 1734 682 1794 videtur
709 1735 822 1792 factum
850 1752 923 1792 csse.
969 1733 1036 1808 quis
1064 1733 1203 1808 regulam

192 1825 340 1884 definierit
362 1823 524 1882 nescimus:
549 1821 635 1881 Celso
659 1823 719 1880 iam
739 1825 812 1880 nota
835 1825 906 1881 erat.
948 1822 1040 1897 vulgo
1063 1823 1203 1900 rsfflrlam

193 1914 230 1973 ab
253 1915 318 1988 ipso
338 1911 450 1972 Catone
474 1910 627 1969 definitam
646 1928 712 1969 esse
730 1913 848 1987 putant.
889 1914 959 1986 post
977 1909 1098 1970 Celsum
1115 1931 1203 1989 regu-

192 2003 254 2061 lam
276 2001 401 2060 landant
419 1999 604 2075 Papinianus
626 1999 703 2058 libro
726 1999 830 2075 quinto
851 1999 964 2059 decimo
984 1993 1205 2070 Quaestionum

193 2083 243 2170 (D.
264 2092 319 2165 34,
340 2090 410 2164 7,3
442 2087 475 2145 Ρ.
495 2079 587 2168 242),
620 2087 767 2163 Ulpianus
799 2088 884 2148 libris
917 2088 1030 2147 decimo
1063 2092 1094 2147 et
1125 2090 1205 2150 1105-

194 2179 269 2238 simo
299 2177 396 2253 primo
426 2179 456 2234 et
484 2176 611 2235 secundo
639 2176 677 2235 ad
705 2176 849 2236 Sabinum
877 2170 928 2255 (D.
947 2180 1003 2254 34,
1025 2179 1096 2254 7,4
1120 2182 1151 2237 51
1176 2181 1204 2239 5.
1289 2217 1290 2236 1

193 2267 230 2325 D.
249 2269 305 2343 30,
325 2267 367 2324 40
398 2265 430 2322 Ρ.
451 2266 545 2325 2505.
573 2257 686 2326 26221.
707 2257 809 2346 2634)
842 2269 881 2325 51·
903 2265 1016 2325 Paulus
1049 2267 1134 2326 libris
1167 2268 1206 2327 ad
1289 2297 1290 2324 .

194 2355 348 2414 Plautium
372 2346 422 2433 (D.
438 2355 488 2428 33,
507 2356 536 2430 5,
555 2356 594 2413 13
618 2354 650 2414 Ρ.
667 2356 761 2414 1154.
781 2356 817 2413 cf.
837 2354 872 2414 D.
889 2357 940 2433 34,
956 2358 984 2432 7,
1000 2357 1018 2414 2
1042 2355 1074 2414 Ρ.
1091 2351 1206 2437 1173),

194 2444 273 2503 idem
290 2443 327 2502 ad
341 2443 479 2520 regulam
490 2441 686 2502 Catonianam
699 2443 811 2502 librum
826 2444 1008 2520 singularem
1020 2446 1206 2524 conscripsit,

195 2533 279 2594 cuius
302 2552 394 2590 unum
418 2533 621 2608 fragmentum
643 2531 788 2591 habemus
813 2523 1079 2614 (D.4s,17,20).

285 2621 483 2680 Tribonianus
511 2621 636 2696 denique
664 2621 697 2679 in
719 2622 846 2698 Digesta
871 2621 996 2680 titulum
1025 2617 1077 2680 ‘de
1101 2623 1207 2698 regula

196 2704 377 2770 Catoniana'
405 2709 583 2785 inscriptum
610 2710 743 2786 recipcre
769 2709 858 2770 iussit
882 2703 952 2788 (34,
974 2702 1016 2790 7).
1064 2714 1096 2770 at
1119 2711 1206 2772 Pauli

196 2800 398 2876 fragmentum
420 2798 496 2856 illud
520 2818 556 2856 ex
578 2798 655 2858 libro
679 2799 742 2857 eius
766 2799 911 2875 singulari
934 2799 1124 2874 desumptum
1145 2820 1205 2860 non

195 2887 265 2946 huic
292 2887 398 2964 titulo,
427 2886 478 2946 sed
506 2886 558 2945 alii
582 2880 635 2944 ‘de
658 2887 803 2946 castrensi
825 2881 958 2962 peculio'
982 2888 1128 2948 insertum
1152 2892 1205 2952 est.

438 3095 696 3158 Commentarii
717 3097 810 3158 iuris
834 3098 965 3160 civilis.

285 3219 361 3281 Cell.
387 3222 441 3297 13,
461 3223 554 3298 20,9
585 3215 738 3299 ‘egregios
765 3223 801 3282 de
828 3223 903 3284 iuris
931 3223 1088 3301 disciplina
1112 3225 1206 3288 libros

196 3302 344 3388 reliquit'.
397 3310 578 3385 Pomponius
610 3308 630 3386 ξ
655 3313 696 3371 38
726 3305 858 3371 ‘Marcus
887 3311 961 3372 Cato
990 3357 1032 3392 ..,
1062 3314 1149 3374 cuius
1177 3319 1208 3377 ot

198 3400 268 3460 libri
294 3401 405 3472 extant,
429 3398 481 3459 sed
504 3399 628 3475 plurimi
650 3400 705 3458 filii
728 3394 809 3460 eius’
909 3400 1208 3484 Commentariorum,

198 3489 249 3567 qui
272 3507 290 3548 a
312 3488 403 3547 Festo
427 3508 454 3549 v.
478 3489 606 3547 mundns
629 3489 803 3566 laudantur,
827 3490 903 3549 liber
925 3491 1048 3566 quintus
1074 3492 1207 3554 decimus

198 3597 216 3638 a
230 3579 324 3638 Paulo
343 3577 382 3638 ad
396 3575 541 3638 Sabinum
558 3579 740 3638 nominatur.
773 3577 917 3639 Catonem
933 3580 965 3638 in
979 3583 1207 3644 commentarios
