2602 3912
363 220 386 270 1.
408 215 537 270 APPIUS
557 215 736 271 CLAUDIUS
755 215 891 272 CAEGUS
1109 219 1130 282 5

121 385 300 458 usurpatum
324 401 401 442 esse:
427 385 582 459 proprium
605 384 685 442 enim
708 386 850 460 cuiusque
874 405 977 446 eorum
999 386 1047 445 ius
1070 387 1130 445 fuit

121 490 216 548 neque
229 491 284 548 per
298 472 392 530 alium
405 473 545 548 usurpari
559 466 683 548 potuit',
677 496 683 508 ·
704 473 808 533 Celsus
822 473 1027 549 respondi...
963 478 988 532 t·
1038 469 1128 535 .‘sibi

121 561 245 636 quisque
274 561 461 620 dominorum
486 566 614 638 usurpat
638 563 766 622 servitut
731 581 828 640 u,em
857 563 914 621 sibi
937 582 996 622 non
1020 565 1129 624 utendo

121 648 257 748 deperdit
262 639 289 729 ')
322 650 370 708 vel
401 653 547 751 quatenus
574 653 747 752 usurpetur
765 642 994 731 (Iavolenus
1001 670 1078 728 aqua
1106 653 1131 712 si

119 737 149 794 in
181 740 301 838 partem
330 739 441 816 aquagi
467 738 648 814 influxit,e
632 739 750 799 etiamsi
776 759 836 799 non
864 741 902 798 ad
928 740 1037 799 ultima
1064 742 1130 800 loca

120 827 268 902 pervenit,
294 827 430 886 omnibus
453 829 554 886 tamen
576 833 645 904 pert
632 828 714 887 tibus
736 831 900 904 usurpatur
907 820 940 910 ³.)

142 907 145 918 ’
208 915 244 974 In
269 915 461 992 Digestorum
489 917 580 976 titulo
610 911 662 975 ‘de
689 917 936 993 usurpationibus
966 920 996 976 et
1024 935 1129 977 usuca-

120 997 272 1078 pionibus'
293 1002 349 1062 Gai
372 1005 448 1064 hanc
470 1005 650 1064 sententiam
668 1006 795 1082 legimus
816 997 850 1087 (l.
869 997 917 1087 5):
941 999 1131 1065 ‘naturaliter

119 1091 351 1168 interrumpitur
391 1094 552 1170 possessio,
594 1112 661 1152 cum
700 1094 766 1170 quis
804 1093 840 1153 de
876 1095 1062 1170 possessione
1099 1096 1129 1154 vi

120 1180 250 1240 deicitur
277 1182 327 1240 vel
354 1182 443 1240 alicui
470 1201 517 1241 res
545 1183 680 1258 eripitur.
723 1202 781 1259 quo
810 1201 881 1242 casu
903 1202 962 1241 non
986 1184 1129 1244 adversus

120 1288 188 1328 eum
223 1272 357 1343 tantum,
394 1270 445 1347 qui
478 1271 580 1345 eripit,
616 1271 848 1346 interrumpitur
880 1273 1042 1349 possessio,
1079 1273 1130 1332 sed

120 1358 264 1418 adversus
293 1376 402 1417 omnes.
448 1378 502 1418 nec
526 1378 561 1418 eo
585 1377 657 1418 casu
680 1360 839 1437 quicquam
862 1361 1001 1438 interest,
1029 1362 1054 1420 is
1079 1361 1130 1438 qui

118 1446 311 1521 usurpaverit
339 1447 476 1506 domiuus
504 1447 544 1507 sit
570 1467 625 1506 nec
652 1468 689 1507 ne
712 1494 719 1509 .
740 1495 746 1509 .
767 1443 789 1505 .'
838 1451 937 1508 verbis
964 1444 1130 1509 ‘natura-

119 1535 217 1594 liter
258 1536 489 1611 interrumpitur
528 1531 689 1613 possessic’
729 1537 809 1612 apud
847 1536 955 1597 Gaium
992 1539 1130 1614 opposita

119 1624 211 1682 luisse
250 1624 310 1682 alia
346 1643 365 1683 a
401 1626 646 1702 compilatoribus
683 1625 783 1684 deleta
821 1619 1001 1686 ‘civiliter
1036 1628 1129 1685 inter-

118 1707 287 1788 rumpitur'
323 1713 385 1770 iam
422 1714 459 1772 ab
497 1714 564 1773 aliis
607 1715 796 1774 observatum
838 1718 891 1773 est
951 1718 982 1773 et
1018 1715 1129 1791 optime

118 1801 238 1878 accidit,
267 1801 346 1877 quod
376 1800 480 1862 Cicero
508 1803 605 1862 civilis
633 1803 862 1878 interruptionis
889 1803 1016 1861 formam
1043 1804 1129 1862 nobis

118 1891 220 1967 tradit,
198 1893 308 1949 tcum
323 1890 359 1949 de
375 1894 448 1952 orat
465 1893 493 1968 3.
510 1894 560 1968 26,
577 1895 640 1952 110
660 1893 715 1950 ait:
770 1895 852 1951 .ut
871 1910 910 1950 ex
929 1891 1006 1950 iure
1027 1891 1129 1951 civili

119 1979 237 2038 surculo
280 1979 472 2058 defringendo
517 1999 693 2056 usurpare
739 1974 923 2040 videantur'.
988 1980 1128 2039 Huschke

118 2067 148 2124 Z.
181 2069 201 2127 f.
236 2066 299 2128 civ.
332 2088 360 2128 ιι.
391 2069 474 2128 Ρ166.
502 2069 538 2128 N.
566 2070 598 2130 F.
635 2070 798 2128 11142ff.
863 2069 1014 2146 Boecking
1053 2069 1129 2128 Pan-

118 2157 228 2215 delrten
251 2157 280 2214 ΙΙ
304 2155 323 2232 ξ
345 2159 407 2216 148
432 2178 460 2233 p.
482 2161 543 2217 116
558 2159 577 2218 f.
606 2157 746 2218 Karlowa
763 2159 794 2216 Π
816 2179 844 2234 p.
864 2159 937 2218 401.
975 2159 1130 2217 surculum

118 2244 286 2321 defringere
324 2246 470 2305 actionem
507 2265 571 2305 esse
607 2248 705 2322 lapilli
740 2247 833 2306 iactui
872 2247 1000 2306 similem
1037 2251 1128 2324 atque

117 2339 280 2410 utrumque
302 2334 431 2394 testibus
453 2335 663 2410 praesentibus
685 2336 751 2394 fieri
777 2339 909 2411 apparet.
952 2335 988 2394 de
1008 2336 1127 2394 surculo

118 2422 315 2498 defringendo
339 2423 482 2482 Sabinum
510 2443 627 2500 quoque
651 2425 682 2482 in
705 2425 779 2483 iuris
802 2424 899 2484 civilis
922 2424 1007 2483 libris
1031 2425 1127 2501 egisse

118 2531 153 2570 ex
172 2511 262 2570 Pauli
279 2511 435 2572 verbisD
456 2513 507 2586 43,
527 2515 578 2588 24,
598 2515 648 2590 20,
672 2511 885 2588 §leonicere
905 2513 1037 2571 fortasse
1050 2513 1127 2573 licet.

118 2606 198 2659 certe
226 2599 416 2702 Ulpianus'
409 2619 440 2658 m
469 2601 554 2660 libris
581 2602 619 2660 ad
647 2603 726 2661 edict
714 2608 778 2660 tum
806 2601 922 2661 definit:
956 2594 1128 2676 usurpatio

119 2692 165 2747 est
186 2689 378 2765 usucapionis
401 2689 432 2747 in
433 2685 598 2765 terruptio'
622 2689 657 2749 D.
677 2693 728 2749 41
749 2693 777 2750 3.
798 2692 826 2748 2.

205 2778 314 2836 Mulier
346 2797 420 2855 quae
453 2778 516 2838 sine
548 2781 658 2838 tutoris
691 2779 871 2838 auctoritate
902 2777 1033 2854 mancipi
1065 2798 1128 2837 rem

117 2865 292 2927 vendiderat
320 2869 351 2926 64
377 2867 555 2944 tradiderat,
584 2887 649 2927 eam
677 2867 841 2927 secundum
863 2866 1014 2925 Iulianum
1039 2885 1126 2927 usur-

117 2957 218 3032 pabat,
197 2957 267 3015 tsi
291 2959 359 3015 ante
382 2957 594 3032 usucapionem
618 2957 747 3058 pretium
765 2957 810 3016 rei
828 2960 931 3032 accept
932 2976 983 3014 um
1001 2959 1128 3032 emptori

118 3063 217 3104 coram
250 3048 311 3104 ttes
250 3040 382 3104 ttibus
414 3045 589 3119 efferrebat3
622 3065 691 3104 nam
719 3046 750 3104 in
777 3045 846 3104 Vat.
874 3045 911 3105 sr
940 3042 1002 3119 §1
1033 3046 1127 3119 Pauli,

117 3133 313 3207 utvidetur,
340 3132 414 3192 haee
440 3133 532 3193 verba
558 3127 749 3212 legimusz‘.
765 3133 1004 3193 ..Iulianus..
1020 3153 1129 3234 .ιιιιιιι,

118 3222 166 3296 qui
205 3222 335 3322 pretium
372 3221 490 3280 mulieri
528 3221 672 3298 dedisset,
709 3223 801 3282 etiam
837 3241 1002 3298 usucapere
1039 3228 1069 3280 et
1101 3223 1128 3280 si

119 3314 187 3368 ante
210 3309 423 3384 usucapionem
447 3311 552 3370 offerat
575 3311 684 3369 mulier
705 3311 876 3389 pecuniam,
900 3311 1034 3370 desinere
1058 3329 1128 3369 eum

55 3405 59 3412 '
116 3392 297 3474 usucapere'
320 3400 456 3474 putabat.

206 3487 315 3546 Mulier
341 3487 406 3548 viro
435 3487 522 3566 quasi
549 3488 658 3548 ancilla
681 3491 711 3548 64
734 3488 899 3547 concubina
921 3486 1034 3545 tradita
1056 3487 1127 3545 licet

117 3577 197 3652 apud
229 3595 298 3636 eum
328 3577 430 3655 degat,
462 3596 498 3636 ex
527 3577 682 3637 duodecim
710 3577 821 3636 tabulis
849 3575 942 3634 nihilo
970 3575 1067 3632 minus
1095 3575 1126 3632 iu
