2600 3908
298 236 321 284 c.
346 228 376 294 Q.
396 199 536 285 Muclus
548 230 578 285 Ρ.
594 231 624 285 r.
638 230 669 286 c.
685 231 719 286 n.
735 230 924 286 scauvam
1073 233 1115 296 83

193 395 276 467 Quae
298 415 378 458 nuno
400 399 541 476 legimus:
566 392 654 457 ‘Oum
675 399 719 457 ita
742 398 877 477 legatum
895 403 984 477 esset,
1007 404 1043 460 ut
1060 444 1069 461 .
1084 448 1114 462 ..

97 505 177 544 uxor
199 504 276 546 mea
298 531 327 548 ..
351 481 482 565 babeat',
506 506 603 564 neque
626 487 786 548 Iavolenus
809 507 905 565 neque
928 488 1039 567 Labeo,
1062 489 1114 549 sed

98 574 302 635 Tribonianus
329 575 459 652 scripsit.
504 576 585 652 apud
612 575 782 636 Labeonem
810 578 884 636 haec
911 577 974 637 fere
1001 578 1114 655 scripta

98 663 195 724 fuisse
218 667 306 739 puto:
331 657 433 724 ‘Titia
456 682 537 725 uxor
558 682 630 724 mea
651 661 837 724 tantandem
861 664 987 744 partem
1006 665 1113 746 capiat

97 749 292 830 quantulam
315 745 428 812 heres?
475 749 503 813 si
526 770 592 813 non
692 749 835 833 legatam
858 772 935 816 esse.

190 863 220 928 2.
244 859 356 928 Oicero
377 863 415 927 de
434 865 529 948 legib.
548 865 579 949 2,
592 865 645 948 20,
659 863 712 930 50.
729 901 767 912 -
788 913 817 929 ..
837 865 934 929 etiam
953 865 1015 929 hoc
1034 866 1113 930 dant

99 947 289 1037 Scaevolae,
320 972 417 1035 quom
449 955 499 1016 est
530 953 678 1039 partitio,
708 957 758 1037 ut,
791 955 818 1019 si
849 955 884 1018 in
915 957 1111 1019 testamento

10 1081 11 1084 κ
98 1038 239 1105 deducta
256 1060 379 1106 samm
397 1046 517 1106 matum
535 1062 698 1107 nummum
713 1042 845 1125 nonsit,
863 1044 989 1128 ipsique
1003 1043 1110 1108 minus

10 1145 11 1218 3
96 1128 243 1212 ceperint
271 1151 367 1212 quam
398 1130 548 1195 omnibus
571 1131 742 1196 heredibus
765 1131 981 1216 relinquatur,
1009 1133 1110 1198 sacris

95 1239 137 1280 ne
161 1218 322 1300 alligetur.

187 1311 223 1370 cf.
248 1330 323 1388 quae
345 1333 374 1389 p.
394 1315 436 1372 34
460 1313 611 1373 adnotavi.

188 1419 216 1479 3.
249 1416 350 1478 (licere
373 1417 444 1478 ibid.
464 1421 504 1480 51
529 1419 636 1496 tradit,
663 1419 738 1479 iuris
766 1421 916 1480 consultos
939 1420 1031 1481 etiam
1053 1421 1110 1481 hoc

96 1507 224 1583 cavisse,
257 1501 307 1566 ‘ut
336 1508 384 1567 cui
410 1509 479 1583 plus
507 1507 643 1585 legatum
671 1508 724 1586 sit,
752 1526 843 1585 quam
870 1509 934 1569 sine
962 1510 1108 1588 religione

95 1614 201 1672 capere
233 1596 336 1674 liceat,
368 1597 394 1657 is
425 1615 480 1673 per
511 1615 562 1655 aes
589 1599 621 1656 et
647 1596 755 1656 libram
782 1597 906 1657 heredes
934 1599 1109 1658 testamenti

95 1685 206 1762 solvat,
233 1687 393 1761 propterea
420 1686 500 1762 quod
527 1704 562 1745 eo
586 1685 650 1745 loco
674 1703 723 1746 res
746 1696 792 1745 est
814 1686 859 1745 ita
882 1687 993 1765 soluta,
1021 1687 1109 1764 quasi

95 1792 131 1832 ea
152 1776 280 1850 pecunia
302 1774 404 1850 legata
426 1793 486 1835 non
510 1768 610 1834 esset’.
652 1773 688 1834 de
711 1793 743 1834 re
766 1794 794 1836 r.
815 1774 1006 1834 Burckhardt
1029 1775 1059 1834 Ζ.
1079 1777 1107 1836 (1.

96 1861 285 1940 Sarigny-St.
308 1862 352 1922 IX
378 1884 406 1940 p.
427 1865 501 1940 305,
521 1865 593 1922 314.
639 1863 742 1941 iaque
771 1865 802 1922 et
825 1882 861 1922 ea
884 1881 960 1941 quae
984 1864 1108 1943 subieci,

95 1969 129 2009 ex
152 1951 393 2021 annuntiaris
417 1952 512 2012 civilis
535 1953 620 2012 libris
644 1953 803 2028 desumpta
827 1951 975 2012 videntur.

186 2059 298 2128 Cicero
318 2063 357 2127 de
380 2063 477 2147 legib.
498 2063 528 2141 2,
541 2064 594 2146 21,
608 2062 660 2144 52,
675 2063 728 2130 53.
749 2099 786 2110 -
808 2063 912 2127 habeo
932 2064 982 2128 ius
1002 2065 1107 2147 ponti-

95 2149 210 2216 ficium.
230 2150 305 2235 quid
320 2150 383 2234 huc
397 2151 533 2216 accessit
548 2173 586 2216 ex
599 2153 669 2215 iure
683 2151 792 2217 civili?
809 2152 996 2236 partitionis
1008 2157 1105 2236 caput

97 2239 254 2324 scriptum
270 2243 372 2323 caute,
386 2243 423 2304 ut
437 2243 566 2304 centum
580 2241 704 2304 nummi
715 2240 961 2307 deducerentur:
975 2243 1107 2306 inventa

96 2331 145 2392 est
171 2325 271 2412 ratio,
299 2350 355 2394 cur
381 2330 517 2413 pecunia
544 2349 708 2393 sacrorum
731 2329 882 2395 molestia
905 2330 1107 2396 liberaretur.

95 2417 170 2501 qnid
190 2416 218 2481 si
235 2417 297 2483 hoc
315 2417 370 2504 qui
383 2421 614 2482 testamentum
628 2417 778 2500 faciebat,
797 2440 908 2484 cavere
922 2419 1104 2485 noluisset?

96 2505 244 2570 admonet
262 2507 341 2571 iuris
360 2506 526 2572 consultus
544 2506 597 2572 hic
613 2507 742 2590 quidem
756 2506 827 2590 ipse
841 2505 977 2590 Mucius,
995 2509 1103 2591 ponti·

94 2593 145 2658 fex
173 2594 272 2679 idem,
300 2599 337 2658 ut
364 2595 470 2660 minus
501 2595 609 2678 capiat
636 2617 733 2679 quam
756 2596 907 2660 omnibus
930 2596 1101 2661 heredibus
1151 2647 1154 2652 .

93 2683 300 2768 relinquatur,
319 2684 434 2769 quibus
453 2706 512 2768 par
527 2683 676 2748 dicebant
690 2685 744 2768 qui
759 2684 907 2767 cepisset,
926 2683 1100 2768 adstringi:

93 2794 201 2836 rursus
226 2773 325 2836 sacris
347 2773 513 2838 liberatur.
553 2771 614 2837 boc
637 2794 713 2836 vero
737 2773 818 2836 nihil
838 2771 878 2836 ad
897 2772 1100 2856 pontificium

11 2897 12 2922 r
94 2862 152 2944 ius,
179 2860 235 2925 sed
258 2883 275 2925 e
299 2861 403 2926 medio
428 2865 477 2926 est
499 2861 568 2926 iure
592 2861 688 2940 civili,
710 2867 747 2925 ut
770 2883 828 2944 per
850 2883 904 2926 aas
928 2867 960 2926 et
983 2862 1100 2926 libram

11 2969 12 2978 ¹
93 2949 240 3014 heredem
258 2950 447 3015 testamenti
466 2951 597 3015 solvant
615 2954 647 3014 et
666 2950 778 3015 eodem
796 2951 868 3016 loco
883 2971 934 3015 res
949 2951 992 3016 sit
1006 2953 1100 3036 quasi

94 3061 129 3103 ea
160 3039 296 3122 pecunia
323 3039 433 3124 legata
459 3061 526 3104 non
553 3043 651 3123 esset,
679 3038 762 3104 siis
790 3040 841 3104 cui
869 3040 1013 3124 legatum
1041 3045 1099 3124 est,

95 3128 265 3211 stipulatus
285 3131 335 3191 est
352 3129 385 3192 id
403 3128 510 3212 ipsum
525 3129 610 3213 quod
625 3129 769 3212 legatum
785 3132 843 3211 est,
861 3134 899 3194 ut
913 3151 950 3194 ea
964 3131 1100 3214 pecunia

95 3238 130 3280 ex
154 3215 364 3300 stipulatione
388 3216 542 3282 debeatur
565 3217 670 3301 sitque
694 3239 732 3284 ca
754 3239 821 3283 non
844 3217 980 3301 <mortis
1002 3241 1099 3284 causa

94 3327 128 3370 ca
150 3310 215 3370 ta.

13 3390 15 3417 ¹
129 3328 148 3388 p
185 3305 207 3390 >
344 3399 399 3472 [Dc
412 3402 505 3457 mortis
523 3417 608 3456 cacco
625 3401 840 3472 damonibus]

178 3508 208 3565 4.
238 3505 330 3564 Mucii
353 3509 452 3566 aetate
470 3507 550 3566 filius
569 3507 708 3583 familias,
732 3525 800 3565 cunr
817 3525 855 3564 ne
873 3507 959 3565 miles
977 3505 1096 3582 quidem

92 3595 160 3654 licet
182 3594 366 3672 approbante
388 3598 473 3670 patre
496 3597 710 3655 testamentum
732 3593 830 3654 fecere
852 3597 967 3670 posset,
991 3593 1096 3653 mortis

849 3691 884 3744 θ’
