2598 3910
122 232 149 279 2.
167 225 197 280 C.
209 223 389 280 CLAUDIUS
398 223 615 279 MARCELLUS
631 255 663 264 -
680 229 704 278 5.
716 222 744 280 C.
756 221 886 279 AELIUS
896 222 1035 278 GALLUS
1072 224 1138 288 245

123 413 150 454 a.
177 387 301 473 703s51
332 386 442 470 ‘Appio
473 387 567 468 imp',
600 392 619 450 i.
642 411 665 450 c.
696 390 816 451 Ciliciae
848 393 1032 467 proconsuli,
1065 393 1138 454 haec

123 483 246 559 scripsit
278 475 331 561 (ad
359 483 430 541 fam.
454 473 609 562 3,1,3):
642 475 691 539 ‘L.
713 481 869 540 Valerium
899 481 1139 540 iureconsultum

121 571 213 632 valde
236 571 294 630 tibi
317 571 499 646 commendo,
523 571 575 630 scd
597 571 642 628 ita
665 571 765 642 etiam,
789 570 897 630 sinon
922 573 968 629 est
985 571 1051 628 iure
1070 588 1137 630 con·

123 661 235 720 sultus.
275 660 385 719 melius
405 659 532 719 enimsi
551 677 656 718 cavero
673 659 752 735 volo,
775 677 865 736 quam
883 659 946 734 ipse
965 659 1033 718 aliis
1052 660 1137 719 solet.

121 749 214 810 valde
242 748 394 808 hominem
421 749 527 826 diligo:
556 752 602 807 cst
628 767 665 806 ex
691 747 765 806 mois
789 747 958 806 domesticis
982 752 1072 824 atque
1093 749 1138 808 in-

123 837 208 896 timis
231 831 451 896 familiaribus'.
498 837 535 895 de
559 837 670 910 eodem,
694 839 729 895 ut
751 836 881 913 ridetur,
904 856 929 895 a.
950 831 1075 913 701s53
1100 839 1139 896 ad

123 926 303 985 Trebatium
326 925 446 1002 scripsit
469 917 614 1008 (adfam.
635 917 793 1006 7,11,2):
822 919 864 984 ‘si
887 925 1002 985 diutius
1025 926 1139 986 frustra

123 1015 247 1092 afueris,
270 1034 331 1074 non
352 1015 440 1074 modo
461 1014 633 1093 Laberium,
657 1014 710 1074 sed
732 1014 824 1072 etiam
847 1013 980 1073 sodalem
1001 1017 1139 1074 nostrum

122 1103 283 1163 Valerium
312 1103 499 1180 pertimesco.
545 1103 623 1162 mira
650 1103 729 1162 enim
755 1121 884 1178 persona
910 1103 1013 1162 induci
1039 1107 1140 1180 potest

122 1189 295 1252 Britannici
316 1187 532 1252 iureconsulti',

215 1279 365 1358 Valerius,
388 1282 440 1357 qui
464 1282 502 1339 ad
519 1280 578 1339 XII
596 1281 716 1340 tabulas
739 1281 893 1356 scripsisse
916 1281 1057 1359 traditur,
1079 1300 1139 1340 non

122 1371 175 1429 hic
197 1370 351 1446 putandus
375 1373 422 1429 est
440 1364 726 1451 (Teuffel-Schwabe
745 1369 765 1444 ἓ
780 1363 907 1450 2071),
931 1371 984 1430 sed
1002 1370 1035 1440 Q.
1049 1369 1139 1428 Vale·

122 1460 190 1518 rius
210 1458 352 1535 Soranus,
375 1459 412 1518 de
436 1477 494 1536 quo
518 1476 608 1533 supra
625 1457 696 1534 V,1
722 1451 765 1534 (p.
781 1451 868 1538 105).
908 1459 945 1518 de
962 1459 1001 1518 M.
1016 1457 1138 1518 Valerio

121 1547 267 1607 Messalla
280 1568 308 1608 v.
322 1547 402 1606 infra
415 1547 506 1606 VII8
521 1537 565 1628 (p.
576 1541 711 1624 accep).
740 1546 879 1606 Valerius
894 1547 1032 1626 Severus,
1051 1567 1139 1624 quem

121 1635 268 1696 Julianus
287 1639 319 1696 et
331 1635 479 1711 Ulpianus
498 1635 624 1694 laudant
638 1627 684 1715 (P.
697 1633 805 1711 1—4),
825 1638 924 1695 aetate
942 1637 1068 1697 inferior
1082 1640 1136 1696 est.

123 1726 163 1786 cf.
182 1725 319 1802 Krueger
340 1745 369 1800 p.
387 1727 459 1784 157.

459 1929 500 2011 4.
538 1935 809 2010 PREOIANUS

217 2077 319 2139 Cicero
344 2099 370 2139 a.
396 2073 522 2158 700s54
546 2080 688 2139 Trebatio
711 2081 785 2140 haec
809 2080 914 2140 scribit
938 2073 990 2160 (ad
1013 2080 1083 2139 fam.
1109 2085 1137 2156 7,

124 2172 161 2246 8,
183 2159 232 2250 2):
261 2163 359 2238 ‘Quod
387 2169 492 2228 scribis
524 2167 560 2227 dc
588 2169 641 2228 illo
666 2167 809 2230 Preciano
836 2170 1054 2246 iureconsulto,
1082 2189 1138 2246 ego

123 2261 157 2316 te
187 2256 216 2316 ei
237 2276 298 2317 non
320 2257 424 2316 desino
448 2258 668 2335 commendare,
697 2259 801 2318 scribit
823 2259 902 2318 enim
924 2259 987 2335 ipse
1010 2258 1085 2318 mihi
1106 2263 1137 2318 te

124 2345 185 2405 sibi
208 2347 323 2422 gratias
347 2365 436 2423 agere
459 2347 576 2406 debere.
618 2346 654 2405 de
678 2366 712 2406 eo
731 2348 804 2425 quid
823 2349 871 2423 sit,
895 2367 967 2408 cura
984 2352 1019 2406 ut
1038 2347 1137 2410 sciam.

125 2453 183 2513 ego
206 2438 324 2494 vestras
347 2435 538 2494 Britannicas
560 2435 679 2494 litteras
702 2430 861 2512 exspecto'.

366 2729 406 2812 ὅ.
444 2734 482 2806 Ο.
509 2732 683 2805 AELIUS
712 2732 897 2808 GALLUS

214 2877 291 2937 uixit
313 2881 383 2937 ante
407 2877 549 2937 Verrium
571 2878 726 2956 Flaccum,
755 2881 888 2938 ceterum
911 2877 1046 2955 ignotus,
1077 2899 1138 2939 nou

121 2967 203 3026 iuris
222 2967 378 3026 consultus
402 2967 454 3027 sed
475 2962 579 3044 potius
598 2968 812 3046 grammaticus
834 2967 909 3027 iuris
928 2987 988 3027 non
1005 2969 1136 3045 ignarus.

216 3048 357 3115 ‘Gallus'
389 3076 407 3115 a
437 3056 590 3135 Labeone,
623 3056 781 3134 Scaevola,
817 3057 912 3116 Paulo
945 3061 976 3116 et
1006 3056 1138 3133 Ulpiano

120 3145 266 3204 laudatus
292 3163 354 3204 non
375 3145 481 3204 Aelius
508 3148 566 3224 est,
595 3145 647 3205 sed
669 3145 822 3222 Aquillius
846 3145 960 3206 Gallus.
997 3167 1023 3206 v.
1047 3163 1138 3220 supra

120 3255 150 3310 p.
176 3235 249 3292 112.
300 3234 327 3293 is
355 3233 460 3293 Gallus
491 3253 575 3312 vero,
610 3253 698 3311 quem
729 3235 864 3294 Iulianus
896 3235 932 3294 D.
953 3237 1003 3310 50,
1025 3236 1074 3306 16,
1095 3238 1135 3294 77

120 3323 309 3381 frumentum
335 3325 416 3382 recte
447 3321 585 3382 definisse
612 3323 669 3401 ait,
697 3326 728 3382 et
750 3324 836 3383 cuius
858 3341 1035 3399 responsum
1058 3323 1138 3381 inter

121 3410 252 3486 Aquillii
279 3429 424 3488 responsa
450 3412 550 3488 recepi
573 3404 615 3489 (p.
639 3405 731 3490 118),
757 3415 827 3471 uter
850 3412 905 3489 sit,
931 3411 1058 3470 dubium
1080 3414 1136 3478 est,

121 3500 167 3558 ita
180 3504 216 3558 ut
229 3519 267 3559 ne
281 3500 338 3559 hoc
354 3500 475 3578 quidem
493 3501 558 3560 loco
576 3501 779 3578 praetermitti
794 3499 909 3559 debeat.
947 3500 983 3558 cf.
1001 3499 1137 3576 Krueger

120 3608 150 3664 p.
167 3589 207 3648 69
231 3607 260 3648 n.
276 3591 326 3648 92.
