2598 3910
379 161 418 242 re.
443 153 701 227 <P.>nur11)sos
719 111 871 210 NAMUSA
971 221 974 230 ¹
1063 156 1168 234 271ν

147 345 150 352 ’
209 321 316 399 Operis
352 343 459 382 nomen
493 324 649 398 vulgatum
681 323 793 390 Aufidii
825 325 975 383 Namusae
1002 324 1130 400 Digesta

1 419 2 444 ³
110 413 211 470 fuisse
236 411 369 485 videtur,
395 414 446 471 sed
469 429 586 488 nomen,
614 413 694 490 quod
717 416 822 471 auctor
844 413 908 488 ipse
932 413 1014 488 operi
1038 413 1129 489 dedit,
1186 457 1189 464 .

1 513 2 522 ²
109 502 172 560 hoo
200 501 264 560 fere
292 501 386 560 fuisse
411 503 500 576 puto:
529 495 636 561 ‘Servii
660 502 831 560 auditorum
854 501 924 560 libri
947 502 983 560 ab
1007 501 1150 562 Aufidio,

109 590 253 649 Namusa
285 584 420 668 digesti'.
466 609 485 648 a
511 591 639 665 posteris
668 589 747 648 enim
774 609 988 667 nonnunquam
1016 585 1128 650 ‘Servii

112 671 284 738 auditores'
308 679 502 738 nominantur
524 681 569 737 ita
592 679 720 755 quidem,
744 683 780 738 ut
802 679 952 738 Namusae
976 698 1050 754 opus
1073 681 1129 739 hoo

111 767 236 828 nomine
260 768 411 844 designari
434 769 580 828 videatur.
1186 763 1189 770 ’

24 849 27 856 ’
204 855 330 928 Praeter
358 850 471 918 ‘Servii
499 851 668 916 auditores'
698 857 789 916 etiam
818 859 1001 935 singulorum
1031 857 1128 917 Servii
1155 883 1158 890 ·

113 945 292 1004 auditorum
306 945 376 1003 libri
395 965 413 1003 a
430 946 565 1020 posteris
577 942 696 1005 laudari
713 947 852 1022 vidimus,
876 947 989 1005 scilieet
1007 945 1127 1023 Cinnae,

113 1033 146 1093 0.
165 1033 245 1103 Atei,
269 1033 395 1094 Pacuvii
412 1033 568 1094 Labeonis
609 1034 688 1094 idem
710 1035 742 1093 in
765 1035 830 1112 ipso
854 1035 973 1094 Aufidio
992 1035 1128 1094 Namusa

111 1123 178 1182 fieri
215 1123 348 1196 videtur,
385 1123 470 1182 ouius
508 1123 660 1198 propriam
696 1125 876 1188 sententiam
913 1128 943 1182 et
979 1123 1127 1200 Ulpianus

111 1212 149 1271 D.
168 1214 217 1288 13,
233 1214 261 1286 6,
277 1213 305 1288 5,
322 1214 339 1269 7
364 1211 470 1270 laudat
488 1203 682 1292 (perieulum
703 1232 802 1271 meum
822 1230 886 1272 esse
905 1213 1039 1272 Namusa
1058 1207 1127 1291 ait')

1 1377 2 1380 Ἴ
113 1304 144 1360 et
182 1303 287 1360 eontra
318 1319 407 1376 quem
438 1300 540 1360 Labeo
568 1302 604 1359 D.
625 1301 674 1374 39,
696 1303 724 1378 3,
745 1303 812 1373 2,6
847 1303 967 1376 scripsit
999 1293 1126 1382 (Labeo
1233 1293 1237 1303 ’

112 1393 218 1450 eontra
248 1389 413 1448 Namusam
446 1381 591 1470 probat').
647 1391 749 1464 itaque
779 1408 797 1448 a
825 1389 921 1451 Servii
954 1391 1127 1450 auditorum

111 1477 199 1538 libris
227 1497 244 1537 a
266 1478 401 1537 Namusa
427 1478 553 1556 digestis
581 1478 674 1553 ipsius
702 1478 839 1554 proprios
862 1479 958 1538 libros
982 1497 1050 1539 oum
1073 1479 1127 1538 ali·

112 1587 200 1628 orum
219 1567 389 1626 auditorum
409 1567 441 1624 in
460 1585 546 1626 susm
565 1567 769 1626 oolleotionem
787 1571 925 1643 receptos
945 1565 1127 1643 separandos

112 1675 178 1716 esse
202 1657 310 1733 aliquis
335 1655 471 1714 oonioiat.
514 1660 546 1714 at
568 1657 641 1714 haee
662 1651 900 1732 fragmentumm
919 1656 1074 1732 discriptio
1093 1675 1127 1715 re

112 1763 184 1805 vera
201 1744 268 1803 fieri
284 1743 396 1821 nequit.
429 1763 499 1804 nam
518 1763 586 1804 num
603 1745 641 1808 iis
661 1763 736 1821 quae
756 1763 774 1803 a
788 1745 808 1802 J
810 1745 936 1805 avoleno
951 1749 981 1803 et
994 1745 1125 1820 Ulpiano

1 1901 2 1904 Ἴ
112 1833 267 1892 dicuntur:
296 1826 407 1893 ‘Servii
434 1834 585 1893 auditores
612 1827 807 1893 rettulerrmt'
838 1827 887 1914 (D.
908 1836 963 1909 33,
983 1837 1016 1911 4,
1037 1837 1055 1892 6
1063 1880 1070 1912 ‚
1091 1827 1125 1912 1)

111 1923 161 1983 vel
190 1915 297 1981 ‘Servii
329 1921 481 1981 auditores
509 1915 656 1982 referunt'
684 1918 733 2000 (D.
751 1925 801 1998 33,
818 1927 846 1994 7,
864 1925 957 1999 12pr.
978 1915 1048 2004 §5)
1077 1922 1127 1982 vel

112 2005 205 2086 ‘apud
224 2010 321 2070 Servii
339 2009 492 2070 auditores
512 2013 641 2071 relatum
661 2005 718 2071 est'
738 2005 787 2091 (D.
803 2014 854 2088 39,
872 2013 899 2090 3,
915 2015 941 2086 1,
958 2003 1002 2094 6),
1022 2015 1128 2088 aperte

112 2099 321 2178 coniungenda
349 2102 420 2158 sunt
443 2119 519 2176 quae
543 2093 708 2161 ‘Iauolenus
732 2103 763 2159 et
786 2101 899 2160 Paulus
923 2104 952 2160 et
972 2101 1129 2177 Ulpianus

111 2188 260 2248 soribunt:
287 2182 434 2246 ‘Namusa
458 2188 594 2249 Servium
617 2190 806 2265 respondisse
830 2190 939 2250 scribit·
958 2184 1008 2272 (D.
1029 2193 1080 2260 35,
1098 2191 1132 2259 1,

112 2279 169 2354 40,
191 2269 239 2358 3),
267 2269 415 2336 ‘Servium
439 2279 627 2352 respondisse
651 2278 788 2338 Aufidius
811 2272 924 2356 refert',
951 2273 1043 2356 ‘apud
1065 2278 1133 2337 Na-

111 2384 230 2426 musam
257 2366 386 2424 rslatum
414 2359 471 2424 est'
498 2361 548 2444 (D.
564 2369 615 2443 39,
631 2369 659 2446 3,
675 2371 704 2443 2,
720 2361 768 2446 6),
799 2387 874 2444 quae
901 2369 1011 2430 ultima
1033 2365 1136 2430 verba

1 2452 2 2455 ’
112 2473 204 2532 supra
227 2454 329 2513 allatis
348 2448 459 2513 ‘Labeo
483 2460 588 2514 eontra
606 2456 771 2514 Namusam
794 2448 914 2530 probat'
936 2454 1139 2518 antecedunt·

110 2544 213 2621 itaque
243 2545 273 2602 et
296 2542 419 2618 Ulpiani
446 2543 500 2602 illa
525 2544 617 2603 verba
640 2537 786 2603 ‘Namusa
805 2537 864 2602 ¹ait'
887 2551 1034 2608 nontam
1057 2559 1139 2620 pro·

27 2679 32 2688 .
110 2633 209 2708 priam
235 2631 387 2690 Namusae
415 2633 596 2691 sententiam
623 2651 712 2710 quam
739 2633 841 2707 potius
870 2635 906 2692 ab
935 2655 970 2696 eo
999 2635 1146 2695 relatam

110 2721 236 2798 prodere
259 2721 400 2780 videntur
423 2739 459 2780 ex
481 2721 588 2780 oolleot
589 2722 656 2780 ione
679 2721 819 2796 desumpi
821 2740 877 2780 am.

202 2809 339 2886 Denique
353 2808 568 2869 consideranda
583 2814 654 2868 sunt
667 2810 807 2871 Javoleni
820 2810 913 2871 verba
927 2813 963 2875 D
981 2819 1032 2886 33,
1045 2813 1076 2884 5,
1090 2802 1150 2864 20

110 2901 207 2958 relata
234 2892 326 2974 apud
349 2898 505 2956 Aufidium
527 2899 604 2958 libro
629 2899 725 2974 primo
748 2899 929 2976 rescriptum
954 2901 1022 2982 est',
1052 2905 1153 2979 quae

109 2987 275 3048 Mommsen
308 2987 458 3063 sagaciter
489 2987 534 3046 ita
567 2988 690 3068 corrigit
723 2981 817 3049 libro
845 2990 944 3064 primo
978 2999 1155 3069 respon

111 3095 232 3136 sorum
251 3069 402 3136 soribit'.
431 3069 538 3134 oerte
540 3077 718 3153 rescriptum
720 3071 893 3154 ’displicet
913 3088 948 3146 at
963 3081 1159 3158 “respon

111 3183 186 3225 sum
214 3158 276 3224 est’
304 3163 403 3241 legere
431 3165 547 3223 malim:
581 3185 650 3224 nam
678 3185 773 3240 neque
802 3167 957 3235 Namusae
985 3165 1166 3250 responsa

109 3253 235 3314 tradunt
222 3260 274 3313 tur
291 3272 387 3330 neque
407 3247 640 3328 responsorum’
655 3274 712 3315 vox
726 3257 757 3314 in
771 3255 931 3333 Namusae
941 3237 1167 3325 collecti01ns

109 3343 200 3403 titulo
224 3345 323 3402 locum
346 3341 466 3404 ridetur
489 3343 607 3402 habere.

199 3430 275 3492 Cum
290 3431 428 3490 Aufidius
441 3430 576 3490 Namusa
594 3451 651 3490 non
669 3431 756 3490 modo
772 3432 954 3508 simplieiter
970 3429 1152 3511 NamssSa

110 3523 291 3593 nominetur,
316 3519 421 3578 sedt
391 3519 482 3578 etiam
504 3513 674 3608 Aufidius’,
697 3521 735 3580 ab
755 3519 823 3579 aliis
842 3522 981 3591 eiusdem
993 3500 1170 3591 nomi1²¹⁵

855 3622 910 3674 18*
