<?xml version="1.0" encoding="UTF-8"?>
<!DOCTYPE html PUBLIC "-//W3C//DTD XHTML 1.0 Transitional//EN"
    "http://www.w3.org/TR/xhtml1/DTD/xhtml1-transitional.dtd">
<html xmlns="http://www.w3.org/1999/xhtml" xml:lang="en" lang="en">
 <head>
  <title>
</title>
<meta http-equiv="Content-Type" content="text/html;charset=utf-8" />
  <meta name='ocr-system' content='tesseract 3.04.00' />
  <meta name='ocr-capabilities' content='ocr_page ocr_carea ocr_par ocr_line ocrx_word'/>
</head>
<body>
  <div class='ocr_page' id='page_1' title='image "./iurisprudentiae05bremgoog_0353.png"; bbox 0 0 2614 3914; ppageno 0'>
   <div class='ocr_carea' id='block_1_1' title="bbox 478 152 1144 218">
    <p class='ocr_par' dir='ltr' id='par_1_1' title="bbox 478 152 1144 218">
     <span class='ocr_line' id='line_1_1' title="bbox 478 152 1144 218; baseline 0.02 -13"><span class='ocrx_word' id='word_1_1' title='bbox 478 157 503 207; x_wconf 87' lang='grc'><strong>2.</strong></span> <span class='ocrx_word' id='word_1_2' title='bbox 526 152 644 208; x_wconf 77' lang='lat' dir='ltr'><strong>Annus</strong></span> <span class='ocrx_word' id='word_1_3' title='bbox 664 152 804 208; x_wconf 81' lang='lat' dir='ltr'><strong>OPILIUS</strong></span> <span class='ocrx_word' id='word_1_4' title='bbox 1078 154 1144 218; x_wconf 86' lang='grc'><strong>343</strong></span> 
     </span>
    </p>
   </div>
   <div class='ocr_carea' id='block_1_2' title="bbox 403 358 877 435">
    <p class='ocr_par' dir='ltr' id='par_1_2' title="bbox 403 358 877 435">
     <span class='ocr_line' id='line_1_2' title="bbox 403 358 877 435; baseline 0 -15"><span class='ocrx_word' id='word_1_5' title='bbox 403 367 446 421; x_wconf 81' lang='lat' dir='ltr'><strong>Dc</strong></span> <span class='ocrx_word' id='word_1_6' title='bbox 464 382 538 435; x_wconf 73' lang='lat' dir='ltr'><strong>aqua</strong></span> <span class='ocrx_word' id='word_1_7' title='bbox 555 366 707 421; x_wconf 77' lang='lat' dir='ltr'><strong>cottidiana</strong></span> <span class='ocrx_word' id='word_1_8' title='bbox 725 371 750 421; x_wconf 83' lang='lat' dir='ltr'><strong>et</strong></span> <span class='ocrx_word' id='word_1_9' title='bbox 768 358 877 421; x_wconf 79' lang='lat' dir='ltr'><strong>aestiva.</strong></span> 
     </span>
    </p>
   </div>
   <div class='ocr_carea' id='block_1_3' title="bbox 140 481 1147 658">
    <p class='ocr_par' dir='ltr' id='par_1_3' title="bbox 140 481 1147 658">
     <span class='ocr_line' id='line_1_3' title="bbox 228 481 1147 569; baseline -0.003 -17"><span class='ocrx_word' id='word_1_10' title='bbox 228 487 256 552; x_wconf 88' lang='lat'><strong>8.</strong></span> <span class='ocrx_word' id='word_1_11' title='bbox 281 483 320 550; x_wconf 95' lang='lat' dir='ltr'><strong>D.</strong></span> <span class='ocrx_word' id='word_1_12' title='bbox 342 486 398 566; x_wconf 85' lang='lat'><strong>43,</strong></span> <span class='ocrx_word' id='word_1_13' title='bbox 422 485 478 568; x_wconf 91' lang='grc'><strong>20,</strong></span> <span class='ocrx_word' id='word_1_14' title='bbox 502 486 534 565; x_wconf 92' lang='grc'><strong>1,</strong></span> <span class='ocrx_word' id='word_1_15' title='bbox 559 484 610 549; x_wconf 81' lang='grc'><strong>17.</strong></span> <span class='ocrx_word' id='word_1_16' title='bbox 654 481 812 566; x_wconf 86' lang='lat' dir='ltr'><strong>¹Ulpianus</strong></span> <span class='ocrx_word' id='word_1_17' title='bbox 847 483 930 547; x_wconf 92' lang='lat' dir='ltr'><strong>libro</strong></span> <span class='ocrx_word' id='word_1_18' title='bbox 956 487 1147 569; x_wconf 83' lang='lat' dir='ltr'><strong>septuagen-</strong></span> 
     </span>
     <span class='ocr_line' id='line_1_4' title="bbox 140 569 1144 658; baseline -0.003 -18"><span class='ocrx_word' id='word_1_19' title='bbox 140 574 221 640; x_wconf 91' lang='lat' dir='ltr'><strong>simo</strong></span> <span class='ocrx_word' id='word_1_20' title='bbox 241 573 281 639; x_wconf 88' lang='lat' dir='ltr'><strong>ad</strong></span> <span class='ocrx_word' id='word_1_21' title='bbox 299 573 438 638; x_wconf 89' lang='lat' dir='ltr'><strong>edictum</strong></span> <span class='ocrx_word' id='word_1_22' title='bbox 457 572 506 657; x_wconf 87' lang='lat' dir='ltr'><strong>(P.</strong></span> <span class='ocrx_word' id='word_1_23' title='bbox 521 569 628 658; x_wconf 78' lang='lat'><strong>1570).</strong></span> <span class='ocrx_word' id='word_1_24' title='bbox 709 572 881 656; x_wconf 91' lang='lat' dir='ltr'><strong>quaeritur,</strong></span> <span class='ocrx_word' id='word_1_25' title='bbox 901 572 928 636; x_wconf 92' lang='lat' dir='ltr'><strong>si</strong></span> <span class='ocrx_word' id='word_1_26' title='bbox 943 573 1013 656; x_wconf 90' lang='lat' dir='ltr'><strong>quis</strong></span> <span class='ocrx_word' id='word_1_27' title='bbox 1032 594 1144 658; x_wconf 90' lang='lat' dir='ltr'><strong>aquae,</strong></span> 
     </span>
    </p>
   </div>
   <div class='ocr_carea' id='block_1_4' title="bbox 138 660 1145 1100">
    <p class='ocr_par' dir='ltr' id='par_1_4' title="bbox 138 660 1145 1100">
     <span class='ocr_line' id='line_1_5' title="bbox 139 660 1144 749; baseline -0.001 -22"><span class='ocrx_word' id='word_1_28' title='bbox 139 685 237 749; x_wconf 88' lang='lat' dir='ltr'><strong>quam</strong></span> <span class='ocrx_word' id='word_1_29' title='bbox 259 663 321 727; x_wconf 91' lang='lat' dir='ltr'><strong>hoc</strong></span> <span class='ocrx_word' id='word_1_30' title='bbox 341 683 424 726; x_wconf 89' lang='lat' dir='ltr'><strong>anno</strong></span> <span class='ocrx_word' id='word_1_31' title='bbox 445 660 590 741; x_wconf 87' lang='lat' dir='ltr'><strong>ducebat,</strong></span> <span class='ocrx_word' id='word_1_32' title='bbox 613 660 709 724; x_wconf 87' lang='lat' dir='ltr'><strong>aliam</strong></span> <span class='ocrx_word' id='word_1_33' title='bbox 728 682 845 744; x_wconf 91' lang='lat' dir='ltr'><strong>aquam</strong></span> <span class='ocrx_word' id='word_1_34' title='bbox 864 660 1079 746; x_wconf 75' lang='lat' dir='ltr'><strong>admiscuerit,</strong></span> <span class='ocrx_word' id='word_1_35' title='bbox 1102 683 1144 726; x_wconf 90' lang='lat' dir='ltr'><strong>an</strong></span> 
     </span>
     <span class='ocr_line' id='line_1_6' title="bbox 139 746 1144 836; baseline -0.002 -20"><span class='ocrx_word' id='word_1_36' title='bbox 139 753 270 835; x_wconf 89' lang='lat' dir='ltr'><strong>impune</strong></span> <span class='ocrx_word' id='word_1_37' title='bbox 296 751 515 835; x_wconf 79' lang='lat' dir='ltr'><strong>prohibeatur.</strong></span> <span class='ocrx_word' id='word_1_38' title='bbox 561 753 593 814; x_wconf 90' lang='lat' dir='ltr'><strong>et</strong></span> <span class='ocrx_word' id='word_1_39' title='bbox 623 753 730 814; x_wconf 81' lang='lat' dir='ltr'><strong>exstat</strong></span> <span class='ocrx_word' id='word_1_40' title='bbox 754 748 840 813; x_wconf 92' lang='lat' dir='ltr'><strong>Ofilii</strong></span> <span class='ocrx_word' id='word_1_41' title='bbox 864 746 1044 836; x_wconf 78' lang='lat' dir='ltr'><strong>(lServiil)</strong></span> <span class='ocrx_word' id='word_1_42' title='bbox 1074 771 1144 815; x_wconf 87' lang='lat' dir='ltr'><strong>sen-</strong></span> 
     </span>
     <span class='ocr_line' id='line_1_7' title="bbox 139 838 1144 923; baseline -0.003 -18"><span class='ocrx_word' id='word_1_43' title='bbox 139 840 244 905; x_wconf 88' lang='lat' dir='ltr'><strong>tentia</strong></span> <span class='ocrx_word' id='word_1_44' title='bbox 271 838 486 904; x_wconf 83' lang='lat' dir='ltr'><strong>existimantis</strong></span> <span class='ocrx_word' id='word_1_45' title='bbox 513 841 600 902; x_wconf 87' lang='lat' dir='ltr'><strong>recte</strong></span> <span class='ocrx_word' id='word_1_46' title='bbox 629 859 701 902; x_wconf 91' lang='lat' dir='ltr'><strong>eum</strong></span> <span class='ocrx_word' id='word_1_47' title='bbox 729 838 907 922; x_wconf 87' lang='lat' dir='ltr'><strong>prohiberi,</strong></span> <span class='ocrx_word' id='word_1_48' title='bbox 931 838 986 903; x_wconf 88' lang='lat' dir='ltr'><strong>sed</strong></span> <span class='ocrx_word' id='word_1_49' title='bbox 1011 839 1144 923; x_wconf 83' lang='lat' dir='ltr'><strong>coloci,</strong></span> 
     </span>
     <span class='ocr_line' id='line_1_8' title="bbox 138 926 1145 1012; baseline 0 -19"><span class='ocrx_word' id='word_1_50' title='bbox 138 929 173 993; x_wconf 90' lang='lat' dir='ltr'><strong>in</strong></span> <span class='ocrx_word' id='word_1_51' title='bbox 201 950 264 1012; x_wconf 92' lang='lat' dir='ltr'><strong>quo</strong></span> <span class='ocrx_word' id='word_1_52' title='bbox 291 929 430 1012; x_wconf 90' lang='lat' dir='ltr'><strong>primum</strong></span> <span class='ocrx_word' id='word_1_53' title='bbox 458 948 575 1011; x_wconf 87' lang='lat' dir='ltr'><strong>aquam</strong></span> <span class='ocrx_word' id='word_1_54' title='bbox 604 926 700 990; x_wconf 83' lang='lat' dir='ltr'><strong>aliam</strong></span> <span class='ocrx_word' id='word_1_55' title='bbox 729 929 763 990; x_wconf 91' lang='lat' dir='ltr'><strong>in</strong></span> <span class='ocrx_word' id='word_1_56' title='bbox 792 928 897 992; x_wconf 88' lang='lat' dir='ltr'><strong>rivum</strong></span> <span class='ocrx_word' id='word_1_57' title='bbox 925 926 1080 1011; x_wconf 80' lang='lat' dir='ltr'><strong>admittit3</strong></span> <span class='ocrx_word' id='word_1_58' title='bbox 1111 933 1145 993; x_wconf 90' lang='lat' dir='ltr'><strong>at</strong></span> 
     </span>
     <span class='ocr_line' id='line_1_9' title="bbox 139 1015 981 1100; baseline -0.002 -18"><span class='ocrx_word' id='word_1_59' title='bbox 139 1016 254 1083; x_wconf 93' lang='lat' dir='ltr'><strong>Ofilius</strong></span> <span class='ocrx_word' id='word_1_60' title='bbox 276 1015 311 1080; x_wconf 93' lang='lat' dir='ltr'><strong>in</strong></span> <span class='ocrx_word' id='word_1_61' title='bbox 333 1019 404 1082; x_wconf 87' lang='lat' dir='ltr'><strong>tota</strong></span> <span class='ocrx_word' id='word_1_62' title='bbox 427 1038 510 1100; x_wconf 89' lang='lat' dir='ltr'><strong>aqua</strong></span> <span class='ocrx_word' id='word_1_63' title='bbox 532 1018 618 1080; x_wconf 89' lang='lat' dir='ltr'><strong>recte</strong></span> <span class='ocrx_word' id='word_1_64' title='bbox 642 1038 716 1081; x_wconf 91' lang='lat' dir='ltr'><strong>eum</strong></span> <span class='ocrx_word' id='word_1_65' title='bbox 738 1015 902 1099; x_wconf 86' lang='lat' dir='ltr'><strong>prohiberi</strong></span> <span class='ocrx_word' id='word_1_66' title='bbox 925 1017 981 1080; x_wconf 90' lang='lat' dir='ltr'><strong>ait.</strong></span> 
     </span>
    </p>
   </div>
   <div class='ocr_carea' id='block_1_5' title="bbox 139 1225 1145 1511">
    <p class='ocr_par' dir='ltr' id='par_1_5' title="bbox 139 1225 1145 1511">
     <span class='ocr_line' id='line_1_10' title="bbox 576 1225 713 1280; baseline 0.007 -1"><span class='ocrx_word' id='word_1_67' title='bbox 576 1225 620 1279; x_wconf 83' lang='lat' dir='ltr'><strong>De</strong></span> <span class='ocrx_word' id='word_1_68' title='bbox 637 1226 713 1280; x_wconf 74' lang='lat' dir='ltr'><strong>rivin</strong></span> 
     </span>
     <span class='ocr_line' id='line_1_11' title="bbox 229 1333 1143 1421; baseline 0.004 -21"><span class='ocrx_word' id='word_1_69' title='bbox 229 1336 258 1400; x_wconf 87' lang='grc'><strong>9.</strong></span> <span class='ocrx_word' id='word_1_70' title='bbox 282 1334 320 1399; x_wconf 91' lang='lat' dir='ltr'><strong>D.</strong></span> <span class='ocrx_word' id='word_1_71' title='bbox 334 1335 387 1417; x_wconf 84' lang='lat'><strong>43,</strong></span> <span class='ocrx_word' id='word_1_72' title='bbox 400 1337 453 1418; x_wconf 97' lang='grc'><strong>21,</strong></span> <span class='ocrx_word' id='word_1_73' title='bbox 469 1337 497 1415; x_wconf 85' lang='grc'><strong>1,</strong></span> <span class='ocrx_word' id='word_1_74' title='bbox 513 1335 562 1400; x_wconf 88' lang='lat'><strong>10.</strong></span> <span class='ocrx_word' id='word_1_75' title='bbox 599 1333 758 1418; x_wconf 84' lang='lat' dir='ltr'><strong>Ulpianus</strong></span> <span class='ocrx_word' id='word_1_76' title='bbox 777 1335 861 1400; x_wconf 90' lang='lat' dir='ltr'><strong>libro</strong></span> <span class='ocrx_word' id='word_1_77' title='bbox 882 1337 1143 1421; x_wconf 83' lang='lat' dir='ltr'><strong>septuagensimo</strong></span> 
     </span>
     <span class='ocr_line' id='line_1_12' title="bbox 139 1421 1145 1511; baseline 0 -21"><span class='ocrx_word' id='word_1_78' title='bbox 139 1425 180 1490; x_wconf 89' lang='lat' dir='ltr'><strong>ad</strong></span> <span class='ocrx_word' id='word_1_79' title='bbox 204 1423 343 1489; x_wconf 88' lang='lat' dir='ltr'><strong>edictum</strong></span> <span class='ocrx_word' id='word_1_80' title='bbox 363 1421 413 1510; x_wconf 90' lang='lat' dir='ltr'><strong>(P.</strong></span> <span class='ocrx_word' id='word_1_81' title='bbox 430 1423 537 1510; x_wconf 82' lang='lat'><strong>1583).</strong></span> <span class='ocrx_word' id='word_1_82' title='bbox 580 1421 615 1487; x_wconf 87' lang='lat' dir='ltr'><strong>Si</strong></span> <span class='ocrx_word' id='word_1_83' title='bbox 638 1424 709 1508; x_wconf 89' lang='lat' dir='ltr'><strong>quis</strong></span> <span class='ocrx_word' id='word_1_84' title='bbox 732 1427 896 1488; x_wconf 90' lang='lat' dir='ltr'><strong>terrenum</strong></span> <span class='ocrx_word' id='word_1_85' title='bbox 916 1425 1021 1491; x_wconf 82' lang='lat' dir='ltr'><strong>rivum</strong></span> <span class='ocrx_word' id='word_1_86' title='bbox 1045 1424 1145 1511; x_wconf 86' lang='lat' dir='ltr'><strong>signi·</strong></span> 
     </span>
    </p>
   </div>
   <div class='ocr_carea' id='block_1_6' title="bbox 138 1509 1146 1685">
    <p class='ocr_par' dir='ltr' id='par_1_6' title="bbox 138 1509 1146 1685">
     <span class='ocr_line' id='line_1_13' title="bbox 138 1509 1146 1596; baseline 0.003 -18"><span class='ocrx_word' id='word_1_87' title='bbox 138 1535 218 1578; x_wconf 91' lang='lat' dir='ltr'><strong>num</strong></span> <span class='ocrx_word' id='word_1_88' title='bbox 233 1512 280 1594; x_wconf 93' lang='lat' dir='ltr'><strong>[id</strong></span> <span class='ocrx_word' id='word_1_89' title='bbox 298 1517 348 1577; x_wconf 88' lang='lat' dir='ltr'><strong>est</strong></span> <span class='ocrx_word' id='word_1_90' title='bbox 361 1513 538 1596; x_wconf 89' lang='lat' dir='ltr'><strong>lapideum]</strong></span> <span class='ocrx_word' id='word_1_91' title='bbox 553 1511 658 1577; x_wconf 87' lang='lat' dir='ltr'><strong>facere</strong></span> <span class='ocrx_word' id='word_1_92' title='bbox 672 1511 760 1596; x_wconf 84' lang='lat' dir='ltr'><strong>velit,</strong></span> <span class='ocrx_word' id='word_1_93' title='bbox 777 1509 878 1576; x_wconf 84' lang='lat' dir='ltr'><strong>videri</strong></span> <span class='ocrx_word' id='word_1_94' title='bbox 893 1534 965 1578; x_wconf 92' lang='lat' dir='ltr'><strong>eum</strong></span> <span class='ocrx_word' id='word_1_95' title='bbox 978 1536 1045 1580; x_wconf 92' lang='lat' dir='ltr'><strong>non</strong></span> <span class='ocrx_word' id='word_1_96' title='bbox 1059 1519 1146 1580; x_wconf 87' lang='lat' dir='ltr'><strong>recte</strong></span> 
     </span>
     <span class='ocr_line' id='line_1_14' title="bbox 138 1599 879 1685; baseline 0 -19"><span class='ocrx_word' id='word_1_97' title='bbox 138 1603 201 1668; x_wconf 88' lang='lat' dir='ltr'><strong>hoc</strong></span> <span class='ocrx_word' id='word_1_98' title='bbox 224 1601 393 1667; x_wconf 90' lang='lat' dir='ltr'><strong>interdicto</strong></span> <span class='ocrx_word' id='word_1_99' title='bbox 416 1604 478 1685; x_wconf 91' lang='lat' dir='ltr'><strong>uti,</strong></span> <span class='ocrx_word' id='word_1_100' title='bbox 501 1605 534 1664; x_wconf 92' lang='lat' dir='ltr'><strong>et</strong></span> <span class='ocrx_word' id='word_1_101' title='bbox 556 1601 604 1665; x_wconf 90' lang='lat' dir='ltr'><strong>ita</strong></span> <span class='ocrx_word' id='word_1_102' title='bbox 627 1599 723 1665; x_wconf 90' lang='lat' dir='ltr'><strong>Ofilio</strong></span> <span class='ocrx_word' id='word_1_103' title='bbox 747 1599 879 1666; x_wconf 87' lang='lat' dir='ltr'><strong>videtur.</strong></span> 
     </span>
    </p>
   </div>
   <div class='ocr_carea' id='block_1_7' title="bbox 138 1703 1147 2061">
    <p class='ocr_par' dir='ltr' id='par_1_7' title="bbox 138 1703 1147 2061">
     <span class='ocr_line' id='line_1_15' title="bbox 231 1703 1147 1796; baseline 0.002 -23"><span class='ocrx_word' id='word_1_104' title='bbox 231 1709 280 1773; x_wconf 93' lang='grc'><strong>10.</strong></span> <span class='ocrx_word' id='word_1_105' title='bbox 308 1706 346 1772; x_wconf 93' lang='lat' dir='ltr'><strong>D.</strong></span> <span class='ocrx_word' id='word_1_106' title='bbox 360 1709 413 1792; x_wconf 84' lang='lat'><strong>43,</strong></span> <span class='ocrx_word' id='word_1_107' title='bbox 427 1709 480 1790; x_wconf 91' lang='grc'><strong>21,</strong></span> <span class='ocrx_word' id='word_1_108' title='bbox 494 1709 523 1793; x_wconf 88' lang='lat'><strong>3,</strong></span> <span class='ocrx_word' id='word_1_109' title='bbox 541 1707 590 1772; x_wconf 89' lang='lat'><strong>10.</strong></span> <span class='ocrx_word' id='word_1_110' title='bbox 626 1703 786 1792; x_wconf 82' lang='lat' dir='ltr'><strong>Ulpianus</strong></span> <span class='ocrx_word' id='word_1_111' title='bbox 804 1707 880 1772; x_wconf 90' lang='lat' dir='ltr'><strong>ibid.</strong></span> <span class='ocrx_word' id='word_1_112' title='bbox 901 1705 951 1793; x_wconf 90' lang='lat' dir='ltr'><strong>(P.</strong></span> <span class='ocrx_word' id='word_1_113' title='bbox 968 1706 1077 1796; x_wconf 83' lang='lat'><strong>1585).</strong></span> <span class='ocrx_word' id='word_1_114' title='bbox 1111 1707 1147 1774; x_wconf 81' lang='lat' dir='ltr'><strong>si</strong></span> 
     </span>
     <span class='ocr_line' id='line_1_16' title="bbox 139 1795 1147 1882; baseline 0.001 -20"><span class='ocrx_word' id='word_1_115' title='bbox 139 1797 213 1882; x_wconf 89' lang='lat' dir='ltr'><strong>quis</strong></span> <span class='ocrx_word' id='word_1_116' title='bbox 236 1819 309 1862; x_wconf 91' lang='lat' dir='ltr'><strong>eum</strong></span> <span class='ocrx_word' id='word_1_117' title='bbox 330 1818 368 1862; x_wconf 87' lang='lat' dir='ltr'><strong>eo</strong></span> <span class='ocrx_word' id='word_1_118' title='bbox 386 1800 515 1880; x_wconf 86' lang='lat' dir='ltr'><strong>portare</strong></span> <span class='ocrx_word' id='word_1_119' title='bbox 533 1796 660 1875; x_wconf 80' lang='lat' dir='ltr'><strong>vehere,</strong></span> <span class='ocrx_word' id='word_1_120' title='bbox 683 1817 763 1880; x_wconf 89' lang='lat' dir='ltr'><strong>quae</strong></span> <span class='ocrx_word' id='word_1_121' title='bbox 782 1795 949 1861; x_wconf 84' lang='lat' dir='ltr'><strong>refectioni</strong></span> <span class='ocrx_word' id='word_1_122' title='bbox 967 1799 1147 1863; x_wconf 87' lang='lat' dir='ltr'><strong>necessaria</strong></span> 
     </span>
     <span class='ocr_line' id='line_1_17' title="bbox 138 1884 1146 2061; baseline 0.002 -111"><span class='ocrx_word' id='word_1_123' title='bbox 138 1889 234 2061; x_wconf 47' lang='lat' dir='ltr'><strong>{iffi}</strong></span> <span class='ocrx_word' id='word_1_124' title='bbox 256 1884 420 1970; x_wconf 89' lang='lat' dir='ltr'><strong>prohibet,</strong></span> <span class='ocrx_word' id='word_1_125' title='bbox 449 1885 510 1951; x_wconf 91' lang='lat' dir='ltr'><strong>hoc</strong></span> <span class='ocrx_word' id='word_1_126' title='bbox 533 1884 741 1950; x_wconf 87' lang='lat' dir='ltr'><strong>interdictum</strong></span> <span class='ocrx_word' id='word_1_127' title='bbox 766 1885 795 1948; x_wconf 94' lang='lat' dir='ltr'><strong>ei</strong></span> <span class='ocrx_word' id='word_1_128' title='bbox 823 1889 1003 1969; x_wconf 80' lang='lat' dir='ltr'><strong>competere</strong></span> <span class='ocrx_word' id='word_1_129' title='bbox 1031 1885 1146 2006; x_wconf 89' lang='lat' dir='ltr'><strong>Ofilius</strong></span> 
     </span>
    </p>
   </div>
   <div class='ocr_carea' id='block_1_8' title="bbox 559 2094 727 2151">
    <p class='ocr_par' dir='ltr' id='par_1_8' title="bbox 559 2094 727 2151">
     <span class='ocr_line' id='line_1_18' title="bbox 559 2094 727 2151; baseline 0.012 -2"><span class='ocrx_word' id='word_1_130' title='bbox 559 2094 603 2149; x_wconf 88' lang='lat' dir='ltr'><strong>De</strong></span> <span class='ocrx_word' id='word_1_131' title='bbox 620 2095 727 2151; x_wconf 82' lang='lat' dir='ltr'><strong>cloaeia</strong></span> 
     </span>
    </p>
   </div>
   <div class='ocr_carea' id='block_1_9' title="bbox 139 2203 1214 2911">
    <p class='ocr_par' dir='ltr' id='par_1_9' title="bbox 139 2203 1214 2911">
     <span class='ocr_line' id='line_1_19' title="bbox 231 2203 1146 2289; baseline 0.002 -19"><span class='ocrx_word' id='word_1_132' title='bbox 231 2205 281 2270; x_wconf 93' lang='grc'><strong>11.</strong></span> <span class='ocrx_word' id='word_1_133' title='bbox 308 2205 347 2270; x_wconf 94' lang='lat' dir='ltr'><strong>D.</strong></span> <span class='ocrx_word' id='word_1_134' title='bbox 366 2204 423 2285; x_wconf 89' lang='grc'><strong>43,</strong></span> <span class='ocrx_word' id='word_1_135' title='bbox 444 2205 498 2286; x_wconf 88' lang='grc'><strong>23,</strong></span> <span class='ocrx_word' id='word_1_136' title='bbox 517 2206 547 2270; x_wconf 94' lang='grc'><strong>2.</strong></span> <span class='ocrx_word' id='word_1_137' title='bbox 589 2203 765 2270; x_wconf 86' lang='lat' dir='ltr'><strong>Venuleius</strong></span> <span class='ocrx_word' id='word_1_138' title='bbox 798 2203 881 2269; x_wconf 91' lang='lat' dir='ltr'><strong>libro</strong></span> <span class='ocrx_word' id='word_1_139' title='bbox 914 2205 1020 2289; x_wconf 89' lang='lat' dir='ltr'><strong>primo</strong></span> <span class='ocrx_word' id='word_1_140' title='bbox 1048 2206 1146 2272; x_wconf 88' lang='lat' dir='ltr'><strong>inter-</strong></span> 
     </span>
     <span class='ocr_line' id='line_1_20' title="bbox 139 2289 1147 2380; baseline 0.004 -22"><span class='ocrx_word' id='word_1_141' title='bbox 139 2293 300 2360; x_wconf 91' lang='lat' dir='ltr'><strong>dictorum</strong></span> <span class='ocrx_word' id='word_1_142' title='bbox 314 2289 363 2380; x_wconf 90' lang='lat' dir='ltr'><strong>(P.</strong></span> <span class='ocrx_word' id='word_1_143' title='bbox 380 2290 444 2378; x_wconf 88' lang='lat'><strong>11).</strong></span> <span class='ocrx_word' id='word_1_144' title='bbox 475 2292 676 2378; x_wconf 79' lang='lat' dir='ltr'><strong>Quamquam</strong></span> <span class='ocrx_word' id='word_1_145' title='bbox 695 2293 734 2358; x_wconf 90' lang='lat' dir='ltr'><strong>de</strong></span> <span class='ocrx_word' id='word_1_146' title='bbox 752 2293 923 2358; x_wconf 90' lang='lat' dir='ltr'><strong>reficienda</strong></span> <span class='ocrx_word' id='word_1_147' title='bbox 942 2294 1061 2379; x_wconf 86' lang='lat' dir='ltr'><strong>cloaca,</strong></span> <span class='ocrx_word' id='word_1_148' title='bbox 1080 2318 1147 2362; x_wconf 90' lang='lat' dir='ltr'><strong>non</strong></span> 
     </span>
     <span class='ocr_line' id='line_1_21' title="bbox 140 2380 1148 2468; baseline 0.002 -20"><span class='ocrx_word' id='word_1_149' title='bbox 140 2383 239 2448; x_wconf 89' lang='lat' dir='ltr'><strong>etiam</strong></span> <span class='ocrx_word' id='word_1_150' title='bbox 257 2383 296 2448; x_wconf 92' lang='lat' dir='ltr'><strong>de</strong></span> <span class='ocrx_word' id='word_1_151' title='bbox 314 2404 400 2447; x_wconf 88' lang='lat' dir='ltr'><strong>nova</strong></span> <span class='ocrx_word' id='word_1_152' title='bbox 416 2380 564 2447; x_wconf 89' lang='lat' dir='ltr'><strong>facienda</strong></span> <span class='ocrx_word' id='word_1_153' title='bbox 582 2381 643 2446; x_wconf 90' lang='lat' dir='ltr'><strong>hoc</strong></span> <span class='ocrx_word' id='word_1_154' title='bbox 661 2381 833 2446; x_wconf 88' lang='lat' dir='ltr'><strong>interdicto</strong></span> <span class='ocrx_word' id='word_1_155' title='bbox 849 2385 1148 2468; x_wconf 88' lang='lat' dir='ltr'><strong>comprehendatur,</strong></span> 
     </span>
     <span class='ocr_line' id='line_1_22' title="bbox 140 2469 1149 2555; baseline 0.003 -19"><span class='ocrx_word' id='word_1_156' title='bbox 140 2476 249 2536; x_wconf 89' lang='lat' dir='ltr'><strong>tamen</strong></span> <span class='ocrx_word' id='word_1_157' title='bbox 288 2489 396 2555; x_wconf 88' lang='lat' dir='ltr'><strong>aeque·</strong></span> <span class='ocrx_word' id='word_1_158' title='bbox 419 2469 674 2535; x_wconf 86' lang='lat' dir='ltr'><strong>interdicendum</strong></span> <span class='ocrx_word' id='word_1_159' title='bbox 705 2469 815 2534; x_wconf 83' lang='lat' dir='ltr'><strong>Labeo</strong></span> <span class='ocrx_word' id='word_1_160' title='bbox 847 2471 907 2548; x_wconf 88' lang='lat' dir='ltr'><strong>ait,</strong></span> <span class='ocrx_word' id='word_1_161' title='bbox 943 2493 983 2536; x_wconf 87' lang='lat' dir='ltr'><strong>na</strong></span> <span class='ocrx_word' id='word_1_162' title='bbox 1015 2473 1149 2539; x_wconf 87' lang='lat' dir='ltr'><strong>facienti</strong></span> 
     </span>
     <span class='ocr_line' id='line_1_23' title="bbox 140 2558 1148 2644; baseline 0 -19"><span class='ocrx_word' id='word_1_163' title='bbox 140 2562 284 2626; x_wconf 88' lang='lat' dir='ltr'><strong>cloacam</strong></span> <span class='ocrx_word' id='word_1_164' title='bbox 311 2561 361 2624; x_wconf 88' lang='lat' dir='ltr'><strong>vis</strong></span> <span class='ocrx_word' id='word_1_165' title='bbox 388 2560 460 2643; x_wconf 87' lang='lat' dir='ltr'><strong>fiat,</strong></span> <span class='ocrx_word' id='word_1_166' title='bbox 487 2561 563 2643; x_wconf 89' lang='lat' dir='ltr'><strong>quia</strong></span> <span class='ocrx_word' id='word_1_167' title='bbox 589 2558 701 2622; x_wconf 89' lang='lat' dir='ltr'><strong>eadem</strong></span> <span class='ocrx_word' id='word_1_168' title='bbox 729 2559 854 2623; x_wconf 89' lang='lat' dir='ltr'><strong>utilitas</strong></span> <span class='ocrx_word' id='word_1_169' title='bbox 883 2559 937 2642; x_wconf 89' lang='lat' dir='ltr'><strong>sit;</strong></span> <span class='ocrx_word' id='word_1_170' title='bbox 966 2566 1148 2644; x_wconf 82' lang='lat' dir='ltr'><strong>praetorem</strong></span> 
     </span>
     <span class='ocr_line' id='line_1_24' title="bbox 141 2647 1214 2731; baseline 0 -17"><span class='ocrx_word' id='word_1_171' title='bbox 141 2650 227 2714; x_wconf 92' lang='lat' dir='ltr'><strong>enim</strong></span> <span class='ocrx_word' id='word_1_172' title='bbox 250 2649 296 2714; x_wconf 91' lang='lat' dir='ltr'><strong>sic</strong></span> <span class='ocrx_word' id='word_1_173' title='bbox 314 2647 528 2728; x_wconf 85' lang='lat' dir='ltr'><strong>interdixisse,</strong></span> <span class='ocrx_word' id='word_1_174' title='bbox 551 2668 590 2728; x_wconf 90' lang='lat' dir='ltr'><strong>ne</strong></span> <span class='ocrx_word' id='word_1_175' title='bbox 609 2647 658 2712; x_wconf 84' lang='lat' dir='ltr'><strong>vis</strong></span> <span class='ocrx_word' id='word_1_176' title='bbox 676 2647 776 2731; x_wconf 89' lang='lat' dir='ltr'><strong>fieret,</strong></span> <span class='ocrx_word' id='word_1_177' title='bbox 795 2668 859 2730; x_wconf 91' lang='lat' dir='ltr'><strong>quo</strong></span> <span class='ocrx_word' id='word_1_178' title='bbox 878 2647 984 2712; x_wconf 91' lang='lat' dir='ltr'><strong>minus</strong></span> <span class='ocrx_word' id='word_1_179' title='bbox 1004 2651 1149 2717; x_wconf 88' lang='lat' dir='ltr'><strong>cloacam</strong></span> <span class='ocrx_word' id='word_1_180' title='bbox 1211 2722 1214 2726; x_wconf 52' lang='grc'><strong>,</strong></span> 
     </span>
     <span class='ocr_line' id='line_1_25' title="bbox 140 2735 1148 2822; baseline 0.003 -20"><span class='ocrx_word' id='word_1_181' title='bbox 140 2739 175 2802; x_wconf 93' lang='lat' dir='ltr'><strong>in</strong></span> <span class='ocrx_word' id='word_1_182' title='bbox 210 2737 338 2822; x_wconf 85' lang='lat' dir='ltr'><strong>publico</strong></span> <span class='ocrx_word' id='word_1_183' title='bbox 376 2736 482 2802; x_wconf 84' lang='lat' dir='ltr'><strong>faeere</strong></span> <span class='ocrx_word' id='word_1_184' title='bbox 514 2737 638 2819; x_wconf 87' lang='lat' dir='ltr'><strong>liceret,</strong></span> <span class='ocrx_word' id='word_1_185' title='bbox 674 2735 769 2820; x_wconf 91' lang='lat' dir='ltr'><strong>idque</strong></span> <span class='ocrx_word' id='word_1_186' title='bbox 803 2735 896 2800; x_wconf 88' lang='lat' dir='ltr'><strong>Ofilio</strong></span> <span class='ocrx_word' id='word_1_187' title='bbox 930 2739 963 2801; x_wconf 88' lang='grc'><strong>11</strong></span> <span class='ocrx_word' id='word_1_188' title='bbox 994 2737 1148 2805; x_wconf 80' lang='lat' dir='ltr'><strong>Trebatio</strong></span> 
     </span>
     <span class='ocr_line' id='line_1_26' title="bbox 139 2826 307 2911; baseline 0.012 -21"><span class='ocrx_word' id='word_1_189' title='bbox 139 2826 307 2911; x_wconf 84' lang='lat' dir='ltr'><strong>placuisse.</strong></span> 
     </span>
    </p>
   </div>
   <div class='ocr_carea' id='block_1_10' title="bbox 400 2955 889 3025">
    <p class='ocr_par' dir='ltr' id='par_1_10' title="bbox 400 2955 889 3025">
     <span class='ocr_line' id='line_1_27' title="bbox 400 2955 889 3025; baseline 0.002 -16"><span class='ocrx_word' id='word_1_190' title='bbox 400 2955 566 3025; x_wconf 67' lang='lat' dir='ltr'><strong>necatorum</strong></span> <span class='ocrx_word' id='word_1_191' title='bbox 583 2955 778 3010; x_wconf 73' lang='lat' dir='ltr'><strong>remandarem</strong></span> <span class='ocrx_word' id='word_1_192' title='bbox 796 2971 889 3010; x_wconf 79' lang='lat' dir='ltr'><strong>causa.</strong></span> 
     </span>
    </p>
   </div>
   <div class='ocr_carea' id='block_1_11' title="bbox 138 3062 1156 3575">
    <p class='ocr_par' dir='ltr' id='par_1_11' title="bbox 138 3062 1156 3575">
     <span class='ocr_line' id='line_1_28' title="bbox 231 3062 1151 3154; baseline 0.004 -24"><span class='ocrx_word' id='word_1_193' title='bbox 231 3067 282 3131; x_wconf 88' lang='grc'><strong>12.</strong></span> <span class='ocrx_word' id='word_1_194' title='bbox 310 3063 348 3130; x_wconf 90' lang='lat' dir='ltr'><strong>D.</strong></span> <span class='ocrx_word' id='word_1_195' title='bbox 363 3064 415 3148; x_wconf 90' lang='grc'><strong>36,</strong></span> <span class='ocrx_word' id='word_1_196' title='bbox 430 3064 460 3147; x_wconf 93' lang='grc'><strong>3,</strong></span> <span class='ocrx_word' id='word_1_197' title='bbox 476 3065 503 3149; x_wconf 96' lang='grc'><strong>1,</strong></span> <span class='ocrx_word' id='word_1_198' title='bbox 521 3064 570 3129; x_wconf 86' lang='grc'><strong>15.</strong></span> <span class='ocrx_word' id='word_1_199' title='bbox 607 3062 764 3147; x_wconf 82' lang='lat' dir='ltr'><strong>Ulpianus</strong></span> <span class='ocrx_word' id='word_1_200' title='bbox 782 3063 865 3129; x_wconf 91' lang='lat' dir='ltr'><strong>libro</strong></span> <span class='ocrx_word' id='word_1_201' title='bbox 885 3070 1151 3154; x_wconf 83' lang='lat' dir='ltr'><strong>septuagensimo</strong></span> 
     </span>
     <span class='ocr_line' id='line_1_29' title="bbox 139 3149 1154 3244; baseline 0.002 -26"><span class='ocrx_word' id='word_1_202' title='bbox 139 3175 226 3220; x_wconf 90' lang='lat' dir='ltr'><strong>nono</strong></span> <span class='ocrx_word' id='word_1_203' title='bbox 259 3153 301 3219; x_wconf 92' lang='lat' dir='ltr'><strong>ad</strong></span> <span class='ocrx_word' id='word_1_204' title='bbox 332 3153 471 3218; x_wconf 89' lang='lat' dir='ltr'><strong>edictum</strong></span> <span class='ocrx_word' id='word_1_205' title='bbox 506 3151 554 3237; x_wconf 87' lang='lat' dir='ltr'><strong>(P.</strong></span> <span class='ocrx_word' id='word_1_206' title='bbox 578 3149 688 3238; x_wconf 81' lang='grc'><strong>1127).</strong></span> <span class='ocrx_word' id='word_1_207' title='bbox 740 3152 947 3218; x_wconf 91' lang='lat' dir='ltr'><strong>Procuratori</strong></span> <span class='ocrx_word' id='word_1_208' title='bbox 980 3157 1062 3244; x_wconf 88' lang='lat' dir='ltr'><strong>eius,</strong></span> <span class='ocrx_word' id='word_1_209' title='bbox 1095 3156 1154 3244; x_wconf 89' lang='lat' dir='ltr'><strong>qui</strong></span> 
     </span>
     <span class='ocr_line' id='line_1_30' title="bbox 140 3241 1153 3332; baseline 0.002 -24"><span class='ocrx_word' id='word_1_210' title='bbox 140 3244 257 3308; x_wconf 90' lang='lat' dir='ltr'><strong>absens</strong></span> <span class='ocrx_word' id='word_1_211' title='bbox 284 3263 353 3308; x_wconf 87' lang='lat' dir='ltr'><strong>esse</strong></span> <span class='ocrx_word' id='word_1_212' title='bbox 376 3241 504 3325; x_wconf 90' lang='lat' dir='ltr'><strong>dicitur,</strong></span> <span class='ocrx_word' id='word_1_213' title='bbox 531 3241 560 3306; x_wconf 90' lang='lat' dir='ltr'><strong>si</strong></span> <span class='ocrx_word' id='word_1_214' title='bbox 583 3241 752 3325; x_wconf 87' lang='lat' dir='ltr'><strong>stipulanti</strong></span> <span class='ocrx_word' id='word_1_215' title='bbox 775 3242 876 3325; x_wconf 82' lang='lat' dir='ltr'><strong>legati</strong></span> <span class='ocrx_word' id='word_1_216' title='bbox 899 3243 1029 3309; x_wconf 91' lang='lat' dir='ltr'><strong>nomine</strong></span> <span class='ocrx_word' id='word_1_217' title='bbox 1054 3269 1153 3332; x_wconf 89' lang='lat' dir='ltr'><strong>spon-</strong></span> 
     </span>
     <span class='ocr_line' id='line_1_31' title="bbox 140 3329 1154 3415; baseline 0 -19"><span class='ocrx_word' id='word_1_218' title='bbox 140 3333 215 3396; x_wconf 88' lang='lat' dir='ltr'><strong>deat</strong></span> <span class='ocrx_word' id='word_1_219' title='bbox 237 3331 344 3414; x_wconf 88' lang='lat' dir='ltr'><strong>heres,</strong></span> <span class='ocrx_word' id='word_1_220' title='bbox 371 3329 484 3395; x_wconf 86' lang='lat' dir='ltr'><strong>Ofilius</strong></span> <span class='ocrx_word' id='word_1_221' title='bbox 508 3330 555 3394; x_wconf 92' lang='lat' dir='ltr'><strong>ait</strong></span> <span class='ocrx_word' id='word_1_222' title='bbox 577 3329 624 3394; x_wconf 87' lang='lat' dir='ltr'><strong>ita</strong></span> <span class='ocrx_word' id='word_1_223' title='bbox 647 3350 759 3395; x_wconf 86' lang='lat' dir='ltr'><strong>cavere</strong></span> <span class='ocrx_word' id='word_1_224' title='bbox 783 3329 910 3414; x_wconf 89' lang='lat' dir='ltr'><strong>debere,</strong></span> <span class='ocrx_word' id='word_1_225' title='bbox 938 3331 966 3394; x_wconf 90' lang='lat' dir='ltr'><strong>si</strong></span> <span class='ocrx_word' id='word_1_226' title='bbox 989 3332 1030 3415; x_wconf 89' lang='lat' dir='ltr'><strong>is,</strong></span> <span class='ocrx_word' id='word_1_227' title='bbox 1061 3337 1154 3402; x_wconf 90' lang='lat' dir='ltr'><strong>cuius</strong></span> 
     </span>
     <span class='ocr_line' id='line_1_32' title="bbox 139 3418 1156 3504; baseline 0 -18"><span class='ocrx_word' id='word_1_228' title='bbox 139 3421 271 3486; x_wconf 88' lang='lat' dir='ltr'><strong>nomine</strong></span> <span class='ocrx_word' id='word_1_229' title='bbox 300 3424 424 3504; x_wconf 83' lang='lat' dir='ltr'><strong>caveat,</strong></span> <span class='ocrx_word' id='word_1_230' title='bbox 451 3418 554 3503; x_wconf 85' lang='lat' dir='ltr'><strong>vivat,</strong></span> <span class='ocrx_word' id='word_1_231' title='bbox 581 3418 729 3484; x_wconf 88' lang='lat' dir='ltr'><strong>videlicet</strong></span> <span class='ocrx_word' id='word_1_232' title='bbox 755 3439 795 3482; x_wconf 90' lang='lat' dir='ltr'><strong>ne</strong></span> <span class='ocrx_word' id='word_1_233' title='bbox 821 3422 969 3483; x_wconf 85' lang='lat' dir='ltr'><strong>teneatur</strong></span> <span class='ocrx_word' id='word_1_234' title='bbox 991 3419 1050 3488; x_wconf 89' lang='lat' dir='ltr'><strong>illo</strong></span> <span class='ocrx_word' id='word_1_235' title='bbox 1075 3427 1156 3490; x_wconf 89' lang='lat' dir='ltr'><strong>ante</strong></span> 
     </span>
     <span class='ocr_line' id='line_1_33' title="bbox 138 3508 299 3575; baseline 0.006 -1"><span class='ocrx_word' id='word_1_236' title='bbox 138 3508 299 3575; x_wconf 87' lang='lat' dir='ltr'><strong>defuncto.</strong></span> 
     </span>
    </p>
   </div>
   <div class='ocr_carea' id='block_1_12' title="bbox 0 0 1314 3914">
    <p class='ocr_par' dir='ltr' id='par_1_12' title="bbox 0 0 1314 3914">
     <span class='ocr_line' id='line_1_34' title="bbox 0 0 1314 3914; baseline 0 0"><span class='ocrx_word' id='word_1_237' title='bbox 0 0 1314 3914; x_wconf 95' lang='lat' dir='ltr'><strong> </strong></span> 
     </span>
    </p>
   </div>
  </div>
 </body>
</html>
