2614 3914
180 203 244 267 348
270 203 343 259 VIII.
360 203 494 259 OCTAVI
508 202 606 258 SADO.
617 201 713 258 IURIS
728 199 1035 258 tonantissimas
1050 201 1191 258 TERTIA

179 391 319 449 quoquc
408 366 540 448 scripsit'
563 363 610 450 (Ρ.
626 362 736 452 2679).
777 369 879 447 itaque
901 389 960 431 vox
982 364 1085 430 ‘idem’
1109 389 1189 448 quae

178 461 314 538 seqnitur
336 479 397 520 non
419 461 458 520 ad
477 459 607 538 Ofilium,
631 455 684 519 sed
707 459 746 520 ad
763 459 796 532 Q.
811 459 943 518 Mucium
963 459 1070 540 refcnri
1088 459 1189 534 debet,

176 568 232 610 nec
254 569 309 626 pro
333 544 421 610 ‘libro
445 543 585 610 secundo'
609 567 663 608 cur
683 549 784 625 potina
805 541 895 608 ‘libro
914 543 1031 625 quinto'
1049 549 1189 626 legamus

176 638 240 697 11118
263 657 354 698 causa
374 642 428 698 est.
468 639 590 714 accedit,
615 639 693 715 quod
714 638 739 697 si
757 637 905 712 Ulpianus
923 655 956 696 re
975 656 1046 697 vera
1064 636 1189 698 Ofilium

178 726 334 804 designare
365 727 521 804 voluisset,
553 746 613 786 non
640 727 718 786 libro
746 726 864 804 quinto,
897 726 949 786 sed
977 727 1081 785 eodem
1108 726 1188 787 libro

177 815 359 892 scripsisset3
391 817 423 874 111
455 817 534 875 8111111
566 818 647 875 certo
679 815 813 876 indicant
845 815 981 890 exempla
1011 834 1047 874 ex
1074 815 1189 876 eisdem

176 905 263 964 libris
287 905 325 963 ad
348 904 492 964 Sabinum
516 904 674 980 desumpta
697 904 783 964 baec:
811 905 847 964 D.
864 907 892 978 7,
909 908 936 982 1,
952 905 992 964 25
1019 897 1067 984 (Ρ.
1083 901 1187 982 2587)

176 989 196 1068 ξ
209 997 225 1052 1
242 988 390 1054 ‘Iulianus
405 994 520 1053 ..libro
535 992 646 1052 XXXV
659 993 853 1071 Digestorum
867 986 1006 1068 scripsit'.
1024 991 1074 1068 §5
1090 987 1189 1052 ‘Idem

176 1081 313 1141 Iulianus
337 1082 459 1141 eodem
482 1081 576 1141 libro
601 1076 743 1158 scripsit'.
788 1083 823 1142 D.
844 1083 894 1159 33,
911 1083 995 1159 7,12
1021 1075 1069 1163 (P.
1085 1077 1187 1162 2611)

177 1169 260 1243 §30
293 1164 413 1230 ‘Celsus
442 1215 475 1230 ..
502 1171 578 1230 libro
601 1171 672 1230 XIX
701 1164 920 1249 Digestorum'.
971 1168 1051 1246 §31
1087 1165 1188 1230 ‘Idem

178 1257 282 1318 Oslsus
315 1259 435 1319 eodem
462 1259 557 1320 libro
586 1253 652 1318 ait'.
704 1257 785 1336 §33
814 1255 1013 1335 ‘Papinianus
1041 1251 1187 1338 quoque’.

177 1344 198 1422 ξ
217 1349 259 1406 43
284 1341 478 1424 ‘Papinianus
501 1349 621 1409 eodem
640 1349 735 1408 libro
754 1349 976 1425 Responscrum
994 1342 1059 1408 ait'.
1083 1348 1120 1408 D.
1135 1351 1187 1424 30,

176 1437 272 1512 49,7
306 1427 352 1517 (P.
374 1429 489 1518 2654b)
524 1432 674 1497 ‘Iulianus
709 1437 786 1498 libro
814 1437 940 1496 XXXIX
969 1429 1187 1515 Digestorum’.

175 1523 211 1584 D.
237 1525 292 1601 34,
313 1527 384 1601 3,5
412 1523 463 1606 (P.
491 1523 591 1606 2655)
622 1547 666 1601 pr.
702 1521 851 1586 ‘Iulianus
881 1526 1015 1585 ibidem
1047 1519 1187 1602 scripsit'.

175 1610 232 1688 §1
277 1608 429 1674 ‘Iulianus
467 1615 587 1675 eodem
619 1616 697 1674 libro
731 1609 868 1692 scripsit'
901 1615 1028 1691 aliaque.
1083 1615 1187 1691 itaqua

177 1721 244 1761 cum
272 1702 303 1762 P.
326 1705 410 1764 2679
442 1705 563 1782 legatur
592 1698 712 1764 ‘Ofilius
737 1703 815 1763 libro
843 1703 950 1780 quinto
976 1703 1052 1762 iuris
1080 1704 1189 1780 partiti

178 1786 321 1867 scripsit',
345 1793 483 1869 sequenti
505 1791 526 1868 ξ
547 1796 565 1851 2
591 1787 680 1852 ‘idem
703 1792 780 1852 libro
804 1793 931 1870 quinto
953 1785 1056 1870 negat'
1080 1791 1188 1869 Ulpia-

176 1897 233 1939 nus
255 1899 316 1940 ncn
338 1882 514 1957 sciipsissct.

266 1968 450 2029 Sententiam
481 1970 513 2028 in
541 1969 644 2040 Quinti
672 1969 762 2028 Mucii
789 1970 863 2028 iuris
892 1970 988 2031 civilis
1016 1967 1190 2046 fragmenta

175 2075 236 2115 non
253 2061 402 2134 recepisse
420 2077 467 2116 me
485 2058 580 2135 piget:
603 2058 640 2116 D.
656 2060 707 2134 32,
722 2060 763 2118 55
774 2077 817 2134 pr.
836 2058 893 2117 sub
907 2058 1027 2118 rubrica
1040 2051 1089 2118 ‘de
1103 2060 1188 2137 lignc

175 2140 288 2222 legato'
310 2165 420 2221 ponere
443 2146 588 2205 debebam
610 2143 662 2222 (cf.
684 2167 712 2222 p.
730 2139 794 2228 73).

598 2358 705 2420 Liber
727 2359 763 2419 V.
826 2321 828 2326 Ι

554 2474 598 2531 Dc
616 2477 691 2546 lipnc
709 2478 802 2546 lepato.

265 2583 307 2648 1⁸.
339 2582 379 2649 D.
398 2585 454 2665 32,
476 2585 533 2670 55,
555 2588 586 2663 1,
607 2586 636 2652 1.
687 2584 846 2671 Ulpianus
887 2587 971 2652 libro
1006 2587 1186 2655 vicensimo

175 2671 290 2754 quinto
310 2672 349 2737 ad
370 2672 525 2739 Sabinum
544 2671 595 2762 (P.
609 2671 721 2762 2679).
759 2674 875 2740 Ofilius
904 2722 933 2742 ..
961 2675 1046 2741 libro
1070 2680 1186 2762 quicto

174 2759 254 2823 iuris
276 2762 391 2844 perbibi
409 2763 456 2826 ita
475 2764 615 2848 scripsit,
634 2766 685 2829 cui
704 2765 793 2846 ligna
811 2764 921 2848 legata
940 2767 1027 2847 sunt,
1050 2767 1090 2830 ad
1110 2789 1185 2832 eum

175 2849 285 2911 omnia
312 2849 400 2934 ligna
428 2852 602 2937 pertinere,
625 2873 707 2935 quae
735 2853 798 2917 alio
826 2853 956 2918 nomine
984 2875 1048 2919 non
1072 2857 1186 2939 appel-

174 2935 294 3016 lantur,
316 2938 417 3001 veluti
440 2940 550 3023 virgae
574 2941 730 3004 carbones
748 2941 856 3005 nuclei
874 2942 1041 3026 olivarum,
1064 2944 1185 3029 quibua

94 3073 98 3084 .
171 3022 216 3087 ad
242 3024 364 3088 nullam
392 3047 459 3090 rem
482 3027 547 3091 nisi
571 3028 610 3091 ad
635 3029 886 3094 comburendum
909 3029 1013 3115 possit
1035 3033 1095 3116 uti,
1128 3034 1185 3099 scd

174 3115 207 3176 et
229 3112 340 3177 balani
362 3115 413 3178 vel
437 3115 543 3199 siqui
567 3116 623 3180 8111
647 3118 761 3183 nuclei.

264 3199 306 3268 lb.
343 3201 382 3268 D.
406 3202 462 3287 50,
488 3205 543 3287 16,
568 3205 639 3270 167.
689 3204 848 3290 Ulpianus
884 3208 967 3273 libro
1006 3208 1183 3277 vicensimo

174 3291 286 3375 quinto
310 3293 350 3357 ad
370 3291 525 3358 Sabinum
546 3291 594 3379 (P.
609 3291 722 3383 2679).
759 3293 943 3360 Carbonum
963 3299 1183 3382 appellatione

173 3382 343 3445 materiam
371 3404 436 3447 non
465 3383 639 3467 contineri,
669 3385 724 3448 sed
756 3406 797 3449 an
827 3384 1014 3469 lignorum?
1062 3387 1183 3453 81181-

173 3470 272 3532 tassia
295 3471 366 3553 quis
391 3471 475 3536 dicet
496 3495 555 3538 nec
578 3473 813 3556 lignorum...
833 3474 888 3538 scd
908 3478 990 3540 81..
1010 3476 1074 3540 8118
1092 3477 1183 3562 ligna

173 3561 264 3620 cocta
290 3579 330 3622 ne
354 3559 478 3624 fumum
504 3560 628 3626 faciant
654 3565 763 3626 utrum
791 3561 880 3646 ligno
909 3583 951 3626 an
977 3565 1111 3630 carboni
1140 3587 1182 3631 an
