2600 3908
322 196 346 244 7.
371 189 403 255 Q.
422 188 557 244 MUCIUS
576 189 606 245 P.
621 191 651 246 F.
667 191 697 246 P.
712 191 745 248 N.
762 189 949 246 scaevola
1076 189 1140 254 103

130 376 207 419 vera
239 353 424 432 simulacra,
456 352 540 435 quod
568 375 662 418 verus
691 353 768 419 deus
796 375 855 417 nec
883 375 994 418 sexum
1020 352 1140 417 habeat

128 465 188 508 nec
212 445 352 506 aetatem
375 461 435 506 nec
457 440 590 506 definita
612 443 756 526 corporis
779 443 934 506 membra.
975 441 1139 526 poeticum

131 553 208 597 sano
227 531 360 595 deorum
375 550 476 616 genus
491 551 546 594 cur
561 529 716 596 Scaevola
729 535 871 616 respuat,
889 531 1008 595 eisdem
1021 531 1138 594 litteris

129 643 195 686 non
227 622 370 684 tacetur:
401 619 477 702 quia
510 620 557 684 sic
588 620 735 685 videlieet
767 621 843 685 deos
876 619 1070 702 deformant,
1102 624 1140 683 ut

128 731 188 774 nec
210 709 305 773 bonis
328 707 515 772 hominibus
539 713 774 793 comparentur,
798 730 869 773 cum
894 709 993 772 alium
1017 707 1140 772 faciunt

2 833 3 848 κ
127 798 239 881 furari,
257 797 357 861 alium
376 796 570 882 adulterare3
589 799 636 862 sic
653 799 731 862 item
753 797 874 882 aliquid
890 798 1028 882 turpiter
1043 800 1139 880 atque

128 888 238 971 inepte
271 885 375 951 dicere
407 907 444 950 ac
476 885 594 950 facere:
624 891 690 952 tres
722 887 807 951 inter
836 908 869 951 se
897 887 972 950 deas
999 887 1139 951 certasse
1168 910 1172 917 ¹

130 977 169 1040 de
188 974 332 1059 praemio
350 974 586 1059 pulcritudinis,
604 975 706 1041 victas
726 976 805 1041 duas
826 997 845 1040 a
863 973 989 1040 Venere
1007 973 1138 1039 Troiam

131 1064 298 1147 evertisse3
317 1061 428 1128 Iovem
448 1063 555 1148 ipsum
574 1065 719 1130 converti
737 1066 772 1129 in
785 1065 902 1130 bouem
918 1067 974 1128 aut
989 1083 1140 1148 cygnum,

129 1157 166 1218 ut
207 1175 280 1218 cum
322 1152 430 1236 aliqua
468 1153 676 1238 concumbat3
717 1154 809 1218 deam
844 1153 970 1218 homini
1005 1153 1140 1234 nubere3

129 1241 305 1307 Saturnum
334 1241 453 1306 liberos
482 1241 650 1326 devorare3
677 1242 762 1306 nihil
790 1241 925 1326 denique
949 1262 1043 1326 posse
1067 1263 1140 1306 con·

129 1331 208 1416 fingi
231 1330 459 1395 miraculorum
483 1334 580 1414 atque
606 1331 767 1414 vitiorum,
790 1331 875 1416 quod
897 1353 964 1396 non
986 1329 1033 1394 ibi
1051 1351 1140 1413 repe·

128 1420 232 1484 riatur
257 1422 353 1504 atque
377 1441 396 1482 a
420 1419 552 1483 deorum
575 1423 693 1483 natura
718 1420 817 1504 longe
840 1420 935 1484 absit.

219 1522 361 1581 Fortasse
384 1521 457 1580 haec
481 1521 647 1596 disputatio
670 1523 702 1580 in
724 1521 817 1581 libros
840 1524 962 1597 recepta
983 1539 1044 1580 non
1066 1524 1139 1580 erat.

218 1624 247 1688 9.
280 1622 393 1688 Cicero
417 1623 455 1686 de
479 1621 576 1706 legib.
599 1623 634 1706 2,
655 1623 705 1688 19.
733 1659 775 1668 -
804 1621 1009 1698 Quaeruntur
1030 1671 1060 1688 ..
1084 1620 1140 1706 qui

129 1712 373 1796 adstringantur
395 1711 495 1776 sacris
597 1715 712 1795 quarto
738 1710 820 1798 [qui]
841 1711 869 1774 si
887 1732 982 1776 nemo
1002 1714 1060 1793 est,
1084 1709 1139 1794 qui

128 1802 228 1864 ullam
246 1823 314 1864 rem
334 1801 463 1884 ceperit,
481 1798 565 1883 (de)
580 1800 793 1865 creditoribus
810 1800 948 1882 eiusqui
962 1799 1138 1884 plurimum

128 1893 353 2059 effecta-{laste
377 2001 468 2058 supra
490 2003 519 2060 p.
540 1985 581 2042 82
605 1983 765 2058 disputavi.

220 2077 269 2141 10.
293 2074 406 2140 Cicero
425 2075 501 2140 ibid.
519 2111 560 2122 -
574 2073 731 2140 Extrema
748 2095 886 2159 persona
905 2078 964 2157 est,
982 2077 1019 2139 ut
1038 2073 1067 2138 si
1083 2073 1138 2158 qui

127 2165 159 2228 ei
182 2167 236 2250 qui
259 2167 406 2229 mortuus
426 2167 484 2247 est,
507 2165 677 2248 pecuniam
696 2164 842 2228 debuerit
864 2163 1048 2248 neminique
1067 2185 1138 2228 eam

127 2254 268 2336 solverit,
286 2253 420 2338 proinde
440 2253 608 2336 habeatur,
627 2253 719 2337 quasi
739 2275 810 2317 eam
824 2253 993 2336 pecuniam
1008 2252 1138 2336 coperit.

128 2342 208 2408 haeo
230 2365 289 2408 nos
313 2365 333 2407 a
356 2339 513 2407 Scaevola
536 2341 705 2406 didicimus

361 2542 413 2602 IV.
446 2541 555 2601 Liber
578 2541 781 2618 singularis
806 2539 904 2619 ὅρων.

216 2665 249 2736 Q.
272 2667 404 2726 Mucium
426 2667 505 2724 hunc
527 2665 638 2724 librum
657 2665 718 2724 iam
737 2665 826 2724 editis
843 2664 918 2723 iuris
937 2663 1035 2724 civilis
1052 2662 1138 2722 libris

126 2755 329 2832 composuisse
348 2755 509 2816 verisimile
528 2757 583 2815 est.
622 2753 804 2813 Triboniano
821 2752 916 2813 Mucii
933 2752 1044 2811 librum
1062 2750 1137 2810 inte·

126 2865 215 2922 grum
237 2845 269 2902 in
291 2844 428 2904 manibus
451 2843 545 2904 fuisse
564 2861 619 2919 pro
639 2845 720 2902 certo
739 2842 874 2918 Krueger
891 2861 920 2917 p.
937 2842 1000 2900 327
1020 2841 1138 2901 statuit.

127 2937 159 2993 at
172 2935 353 3012 argumenta
367 2952 442 3008 quae
457 2933 574 3009 profert
582 2950 678 3008 neque
688 2931 835 3010 gravioris
844 2929 988 2990 momenti
997 2929 1139 2990 videntur

127 3026 158 3082 et
181 3023 242 3082 alia
264 3041 297 3081 re
321 3041 339 3080 a
360 3021 515 3100 Kruegero
538 3022 676 3100 neglecta
699 3020 902 3082 confutantur.
943 3023 1022 3079 corte
1045 3019 1139 3078 Mucii

126 3112 237 3170 librum
255 3111 287 3170 in
305 3110 433 3170 indicem
451 3111 596 3170 librorum
613 3112 767 3187 receptum
780 3109 932 3185 videmus;
951 3109 1004 3168 ssd
1017 3108 1048 3167 id
1062 3109 1139 3168 nihil

126 3200 210 3260 aliud
247 3200 433 3258 demonstrat
465 3217 554 3276 quam
582 3199 796 3258 Tribonianum
830 3197 982 3258 doctrinae
1010 3198 1138 3275 gloriam

125 3288 316 3366 appetivisse.
353 3288 433 3365 quod
451 3291 607 3364 praeterea
619 3287 711 3346 Mucii
725 3290 895 3364 fragmenta
909 3289 1024 3345 certum
1038 3287 1138 3344 locum

125 3378 158 3436 in
189 3378 426 3456 fragmentorum
463 3377 539 3437 serie
574 3377 724 3453 obtinent,
761 3376 909 3453 quomodo
946 3375 978 3432 id
1009 3373 1137 3450 probaro

124 3468 238 3545 potest,
276 3465 490 3526 Tribonianum
521 3465 613 3524 Mucii
645 3465 815 3541 fragmenta
846 3482 906 3522 non
940 3481 975 3522 ex
1008 3461 1138 3521 secunda

124 3575 218 3614 manu
245 3554 414 3633 accepisse?
459 3573 580 3614 remeo
608 3553 704 3612 decidi
732 3571 851 3630 conseo,
882 3550 961 3627 quod
987 3550 1020 3608 in
1046 3549 1138 3608 huius
