2600 3908
184 181 247 244 138
285 182 330 237 Vl.
356 179 721 236 ocravlsauc.1U1trs
742 179 913 236 CONSULT.
934 179 1058 234 SERIES
1078 181 1196 234 PRIMA

180 345 362 410 dicerentur
395 344 481 409 bella
514 345 622 428 aliquo
656 343 735 420 ritu,
772 344 823 408 ius
856 343 897 408 ab
930 343 1065 429 antiqua
1098 347 1197 428 gente

181 433 383 517 Aequiculis,
425 432 509 519 quod
550 455 636 498 nuno
677 432 803 496 fetiales
844 431 983 515 habent,
1025 433 1197 516 descripsit

182 520 305 605 (Ancus
328 518 496 608 Marcius),
519 545 583 608 quo
606 544 657 586 res
680 525 879 606 repetuntur.

269 632 314 695 cf.
337 632 439 693 Cicero
466 633 502 693 de
526 652 588 708 rep.
613 635 646 708 2,
667 635 717 708 17,
738 634 787 692 31.
813 663 855 675 --
878 624 1013 713 (Tullus)
1037 634 1198 694 constituit

180 724 235 801 ine,
255 741 313 801 quo
333 723 415 782 bella
433 721 643 799 indicerentur,
662 721 742 798 quod
760 763 785 780 ..
806 722 905 780 sanxit
923 722 1020 781 fetiali
1039 721 1197 798 religione,

99 877 100 882 γ
179 817 216 871 ut
234 830 319 871 omne
339 811 461 890 bellum,
480 811 559 888 quod
577 809 788 869 denuntiatum
806 809 1011 887 indictumque
1029 829 1089 870 nou
1104 815 1196 886 esset,

181 901 211 959 id
234 900 379 960 iniustum
403 918 468 959 esse
492 902 582 976 atque
605 899 731 975 impium
754 897 946 958 iudicaretur.

532 1041 587 1114 [Dc
606 1043 703 1110 opimis
721 1041 837 1112 spoliis]

268 1145 338 1209 20⁸.
363 1143 527 1207 Plutarch.
540 1141 640 1207 Marc.
656 1143 685 1206 8.
708 1177 745 1189 -
767 1145 881 1225 φασίν,
901 1142 937 1207 ἐν
956 1153 1025 1218 τοῖς
1043 1143 1196 1228 ὑπομνή-

181 1251 260 1316 μασι
281 1236 402 1314 Νομᾶν
421 1235 611 1314 Πομπίλιον
633 1227 689 1295 καὶ
711 1233 850 1316 πρώτων
873 1231 1016 1315 ὀπιμίων
1039 1231 1094 1295 καὶ
1118 1235 1195 1297 dev-

180 1321 285 1405 τέρων
309 1319 363 1386 καὶ
383 1323 503 1400 τρίτων
521 1321 754 1404 μνημονεύειν,
778 1321 817 1384 τὰ
836 1315 897 1402 μὲν
915 1319 1028 1404 πρῶτα
1046 1321 1195 1405 ληφθέν-

180 1435 232 1476 ται
251 1419 295 1496 τῷ
317 1411 485 1498 Φερετρίῳ
504 1407 563 1474 Διὶ
582 1410 760 1474 κελεύοντα
779 1416 971 1492 καθιεροῦν,
994 1411 1033 1473 rol
1053 1411 1194 1494 δεύτερα

180 1496 216 1564 δὲ
244 1508 288 1585 τῷ
304 1497 411 1582 Ἄρεϊ,
438 1498 477 1562 τά
506 1495 542 1563 δὲ
568 1501 729 1584 episcopi
754 1503 904 1586 Κυρίνῳ·
931 1496 986 1562 καὶ
1010 1500 1194 1582 λαμβάνειν

179 1587 291 1672 γέρας,
324 1587 466 1672 ἀσσάρια
497 1590 669 1672 τριακόσια
701 1589 759 1652 τὸν
786 1598 932 1670 πρῶτον,
964 1589 1023 1652 τὸν
1051 1581 1088 1652 δὲ
1116 1589 1193 1654 δεύ-

179 1701 275 1762 τερον
300 1679 465 1760 διακόσια,
488 1677 546 1741 τὸν
571 1673 607 1740 di
630 1679 743 1758 τρίτον
767 1673 891 1741 ἑκατόν.

267 1764 339 1832 20¹².
368 1764 457 1832 Serv.
476 1766 511 1830 in
532 1765 626 1848 Verg.
647 1769 727 1828 Aen.
747 1765 776 1846 6,
795 1765 868 1830 860.
894 1799 932 1811 -
958 1768 1056 1829 tertia
1081 1767 1193 1850 opima

179 1856 285 1940 spolia
299 1853 475 1940 suspendet
490 1854 576 1938 patri
594 1853 614 1917 i.
630 1875 655 1916 e.
669 1851 739 1917 Iovi
755 1901 779 1917 ..
795 1875 975 1938 possumus,
995 1859 1027 1918 et
1041 1855 1126 1939 quod
1141 1860 1192 1920 est

178 1947 304 2028 melius,
327 1943 502 2009 secundum
525 1943 630 2026 legem
650 1939 774 2005 Numae
799 1943 883 2006 huno
907 1943 1013 2008 locum
1035 1944 1192 2028 accipere,

74 2106 77 2114 ¹
135 2083 139 2091 .
179 2035 234 2119 qui
257 2031 422 2116 praecepit
441 2032 548 2115 prima
567 2032 677 2113 opima
697 2030 802 2114 spolia
821 2029 890 2096 Iovi
911 2031 1052 2096 Feretrio
1073 2031 1190 2099 debere

180 2121 344 2205 suspendi,
373 2119 458 2205 quod
485 2120 550 2183 iam
575 2119 732 2183 Romulus
755 2118 888 2201 fecerat,
919 2119 1058 2185 secunda
1082 2120 1191 2205 Marti,

179 2210 263 2293 quod
284 2207 404 2274 Cossus
423 2208 510 2291 fecit,
533 2209 630 2272 tertie
649 2207 790 2290 Quiriu0,
810 2208 895 2292 quod
915 2209 991 2274 fecit
1009 2209 1190 2276 Marcellus.

265 2319 309 2380 Of.
328 2321 408 2380 Fest.
430 2322 491 2380 189
521 2338 543 2379 s.
563 2339 590 2379 v.
615 2319 722 2396 opima.
747 2351 788 2362 -
812 2320 850 2380 M.
865 2319 963 2380 Varro
991 2321 1047 2395 ait,
1072 2364 1100 2380 ..
1125 2340 1190 2382 esse

177 2410 268 2470 etiam
287 2409 416 2488 Pompili
434 2409 514 2486 regis
532 2410 631 2485 legem
650 2455 656 2467 .
672 2456 678 2468 .
697 2409 803 2468 talem:
827 2402 924 2469 ‘cuins
943 2410 1075 2485 auspicio
1096 2412 1190 2470 classe

176 2499 329 2576 procincta
361 2498 461 2575 opime
496 2499 593 2576 spolia
625 2498 798 2572 capiuntur,
831 2498 897 2558 Iovi
929 2499 1050 2558 feretrio
1083 2499 1190 2560 bovem

176 2589 305 2665 caedito;
333 2588 384 2665 qui
413 2588 505 2664 cepit,
537 2587 615 2647 aeris
639 2585 711 2648 000
740 2587 838 2647 darier
866 2591 1012 2663 oporteat.
1058 2588 1190 2648 secunda

177 2679 280 2756 spolia,
303 2677 335 2737 in
353 2677 459 2737 Martis
478 2694 562 2736 eram
579 2675 611 2736 iu
630 2693 734 2753 campo
755 2676 942 2753 solitaurilia,
962 2680 1032 2735 utra
1050 2677 1189 2756 voluerit,

176 2765 292 2826 caedito
322 2761 389 2844 [qui
417 2766 509 2842 cepit,
537 2765 615 2825 aeris
639 2763 686 2825 00
711 2762 804 2841 dato}
849 2766 940 2826 tertia
964 2765 1073 2844 spolie,
1101 2767 1189 2826 Ianoi

176 2853 300 2926 Quirino
319 2873 431 2933 agnum
449 2873 563 2913 marem
582 2854 711 2928 casdit03
731 2852 753 2913 0
772 2854 825 2931 qui
844 2855 956 2929 ceperit
974 2873 1009 2914 er
1025 2873 1093 2914 aere
1109 2856 1189 2916 dato.

176 2943 261 3002 ouius
285 2943 415 3019 auspicio
439 2945 540 3018 capta,
564 2941 610 3001 dis
633 2942 786 3018 piaculum
809 2936 901 3002 dato?

440 3084 557 3156 [Incerti
574 3085 729 3153 ανρκικικιί
746 3085 922 3156 stupescente]

265 3185 317 3250 21.
336 3184 421 3248 Fest.
433 3185 462 3250 6.
481 3220 526 3232 -
545 3185 646 3248 aldrta
661 3184 785 3267 antiqui
800 3185 950 3249 dicebant
965 3209 1022 3268 pro
1038 3187 1133 3252 aliter
1148 3213 1185 3272 ..3

176 3275 251 3340 hino
271 3278 321 3338 est
339 3274 417 3338 illud
437 3274 471 3338 in
491 3273 616 3357 legibus
637 3273 762 3337 Numae
782 3273 932 3357 Pompili:
956 3274 996 3339 ‘si
1017 3277 1184 3360 quisquam

176 3365 276 3429 aliute
299 3363 395 3445 faxit,
419 3366 507 3448 ipsos
531 3361 601 3427 Iovi
625 3385 714 3426 sacer
739 3361 830 3427 esto'.

263 3455 314 3518 22.
344 3452 429 3517 Fest.
450 3453 524 3518 230.
546 3489 590 3499 -
614 3451 764 3517 adicitur:
792 3451 831 3517 ‘si
854 3475 963 3536 nurus,
987 3474 1079 3517 sacra
1103 3455 1184 3518 divis

174 3547 345 3627 parentum
370 3541 471 3607 estod'
495 3543 529 3608 in
553 3542 644 3607 Servi
668 3540 763 3606 Tulli.
