2598 3910
182 200 247 266 302
275 201 348 256 VIII.
363 199 496 256 oornvl
511 200 716 270 staulinus
730 199 902 258 OONSULT.
913 201 1038 256 sufflas
1054 201 1193 258 TERTIA

178 363 247 429 fuit.
281 365 364 430 servi
383 387 453 430 eam
473 385 542 430 esse
561 364 728 448 respondit
746 385 850 448 neque
868 364 996 444 referre,
1014 357 1082 429 utri
1095 366 1189 448 prius

152 454 320 544 legatum
345 457 438 518 esset.
464 463 466 468 '

266 566 303 625 cf.
327 564 424 624 Servii
445 583 588 640 responsa
613 567 662 623 14.

260 675 316 739 34.
340 675 378 739 D.
393 675 445 755 40,
462 677 490 758 1,
505 675 533 739 6.
566 674 702 750 Alfenus
721 673 827 738 Varus
851 672 934 738 libro
954 678 1069 758 quarto
1089 673 1189 759 Dige·
1288 629 1290 632 Ι

177 766 302 828 storum
317 761 365 850 (P.
382 760 448 849 17).
481 761 607 828 Servus·
618 761 788 846 pecuniam
807 764 848 828 ob
867 763 1051 827 libertatem
1068 768 1188 854 pactus

177 856 247 916 erat
266 857 299 916 et
317 874 388 916 eam
407 851 537 916 domino
556 852 695 917 dederat.
727 851 877 916 dominus
893 852 983 934 prius
998 873 1096 935 quam
1110 873 1188 916 eum
1289 893 1290 896 =

102 997 106 1007 .
176 941 428 1020 manumitteret,
445 945 590 1005 mortuus
605 945 675 1005 erat
687 945 947 1023 testamentoque
961 939 1099 1005 liberum
1114 961 1188 1004 esse

175 1029 315 1094 iusserat
341 1033 375 1094 et
392 1030 431 1104 ,ei
460 1029 621 1113 peculium
649 1051 743 1094 suum
765 1030 937 1114 legaverat.
983 1028 1188 1107 consulebat,
1288 1021 1290 1042 ’

177 1139 274 1201 quam
306 1117 475 1200 pecuniam
506 1118 635 1182 domino
666 1117 807 1182 dedisset
838 1118 879 1182 ob
909 1117 1109 1200 libertatem,
1144 1139 1187 1181 an
1288 1121 1289 1126 ’

177 1228 248 1271 eam
284 1205 346 1270 sibi
382 1206 515 1271 heredes
551 1207 681 1290 patroni
716 1206 848 1270 reddere
885 1205 1037 1270 deberent
1073 1227 1186 1270 necne.

71 1297 74 1304 '
163 1294 359 1380 respondit,
396 1295 424 1359 si
460 1317 531 1359 eam
566 1295 736 1380 pecuniam
772 1295 934 1376 dominus,
970 1297 1187 1378 posteaquam

177 1383 361 1469 accepisset,
380 1383 414 1448 in
433 1405 508 1448 suae
527 1385 680 1468 pecuniae
698 1384 857 1448 rationem
876 1383 1052 1465 habuisset,
1071 1383 1185 1448 statim

96 1521 98 1526 .
174 1471 293 1548 desisse
322 1471 394 1537 'eius
424 1473 542 1556 peculii
571 1494 654 1556 esse,
686 1473 740 1536 sed
771 1473 799 1537 si
831 1473 970 1553 interea,
1000 1471 1076 1535 dum
1110 1493 1185 1536 eum
1289 1479 1290 1482 ’

173 1561 425 1648 manumitteret,
444 1565 609 1646 acceptum
629 1583 720 1626 servo
739 1561 928 1642 rettulisset,
946 1559 1047 1625 videri
1061 1561 1184 1645 peculii

173 1649 272 1802 luisse
305 1654 337 1715 et
367 1650 481 1716 debere
513 1649 645 1716 heredes
678 1671 749 1714 eam
782 1649 948 1734 pecuniam
981 1649 1184 1714 manumisso

171 1739 313 1803 redere.

188 1865 191 1874 ’
261 1842 296 1901 cf.
321 1841 417 1902 Servii
440 1842 655 1918 responsa'lt.

261 1952 312 2018 35.
333 1948 373 2016 D.
382 1952 436 2036 40,
447 1953 475 2033 l,
486 1953 514 2017 7.
536 1951 625 2016 Idem
641 1950 791 2036 (Alfenus
805 1946 926 2036 Varus)
940 1949 1024 2014 libro
1040 1950 1182 2033 septimo

171 2039 378 2124 Digestorum
402 2037 451 2126 (P.
466 2038 532 2125 25).
569 2039 641 2104 Duo
665 2040 723 2103 filii
746 2039 886 2104 familias
909 2038 1088 2122 peculiares
1113 2061 1181 2104 ser-

170 2151 227 2193 vos
256 2127 430 2212 'separatim
453 2133 587 2212 uterque
609 2128 783 2193 habebant.
828 2149 866 2192 ex
888 2126 940 2191 his
964 2127 1047 2191 alter
1070 2149 1180 2192 servu-

170 2217 238 2280 lum
270 2237 364 2280 suum
394 2215 588 2300 peculiarem
617 2216 691 2281 vivo
718 2221 811 2301 patre
838 2215 1034 2281 manumisit
1084 2220 1182 2300 pater

169 2305 296 2387 utrique
328 2307 525 2370 testamento
557 2304 719 2389 peculium
746 2305 996 2389 praelegaverat.
1047 2326 1181 2388 quaere·

169 2393 279 2476 batur,
311 2413 421 2458 servus
454 2393 516 2459 iste
547 2398 655 2459 utrum
686 2394 854 2458 amborum
887 2414 928 2456 an
960 2393 1029 2457 eius
1061 2414 1081 2456 a
1114 2415 1180 2477 quo

169 2481 386 2546 manumissus
414 2486 484 2547 erat
512 2483 647 2548 libertus
677 2486 782 2548 esset.¹
821 2481 1002 2566 respondit,
1030 2479 1058 2545 si
1086 2483 1179 2564 prius

169 2574 400 2636 testamentum
427 2577 520 2656 pater
548 2572 689 2657 fecisset,
713 2593 810 2656 quam
833 2569 918 2634 filius
941 2591 1014 2634 eum
1037 2567 1178 2634 liberum

169 2681 238 2727 esse
268 2660 428 2745 iussisset,
457 2662 552 2726 unius
584 2683 653 2726 esse
683 2661 848 2743 libertum,
883 2658 954 2722 ideo
985 2659 1070 2742 quod
1102 2681 1178 2722 eum

169 2770 295 2833 quoque
329 2750 382 2814 in'-
395 2750 521 2833 peculio
550 2749 675 2834 legasse
705 2748 880 2831 videretur,
913 2745 968 2811 sed
1001 2746 1029 2810 si
1061 2751 1178 2830 postea

167 2841 398 2901 testamentum
426 2842 519 2922 pater
546 2837 688 2916 lecisset,
716 2858 780 2902 uon
808 2835 909 2902 videri
936 2856 1008 2899 eam
1031 2838 1176 2899 mentem

168 2925 236 2988 eius
265 2925 379 3005 fuisse,
411 2931 447 2989 ut
474 2947 562 3008 eum,
592 2927 647 3010 qui
674 2924 890 2989 manumissus
921 2927 1019 3006 esset,
1050 2923 1176 3008 legaret

168 3034 304 3096 eumque
319 3023 455 3093 servum,
470 3013 621 3097 quoniam
637 3013 839 3098 praelegatus
854 3034 921 3076 non
937 3017 1031 3097 esset,
1045 3017 1173 3077 mortuo

166 3105 259 3186 patre
283 3100 452 3166 amborum
476 3123 603 3166 servum
627 3101 735 3165 fuisso.

196 3296 199 3304 Ι
255 3213 291 3271 cf.
315 3210 412 3273 Servii
434 3229 577 3288 responsa
602 3214 650 3272 16.

488 3365 532 3420 De
548 3365 700 3434 sumptibus
717 3364 854 3431 saeuum.

254 3465 306 3529 36.
334 3463 439 3545 D.50,
456 3465 506 3546 16,
522 3463 595 3530 202.
636 3463 771 3528 Alfenus
796 3461 901 3526 Varus
924 3463 1009 3528 libro
1034 3464 1173 3528 secundo

165 3548 373 3634 Digestorum
407 3549 457 3638 (P.
482 3553 548 3637 16).
602 3550 683 3618 Cum
719 3553 752 3616 in
790 3554 983 3644 testamento
1016 3552 1173 3640 scriptum
