2588 3908
178 169 246 232 232
282 167 331 224 VI.
351 165 483 223 OCTAVI
502 167 602 223 SAEO.
621 166 719 222 IURIS
740 165 917 223 CONSULT.
937 164 1061 221 sufflas
1080 164 1196 218 PRIMA

271 336 367 396 Servii
385 355 495 396 nomen
513 335 666 396 invenitur
682 354 780 412 neque
794 335 825 393 in
841 332 923 394 Ofilii
936 353 1034 410 noque
1049 334 1080 392 in
1093 332 1199 392 Sabini

175 446 275 502 neque
302 425 335 485 in
356 426 440 486 Pedii
470 445 566 502 neque
594 425 626 484 in
648 425 800 499 Venuleii,
830 424 881 482 sed
909 426 955 483 est
979 425 1011 482 in
1039 422 1197 500 Labeonis,

178 515 257 594 Gaii,
279 514 377 592 Pauli,
396 515 553 590 Pomponii
571 513 758 590 fragmentis.
800 513 901 572 Labeo
921 513 982 572 doli
1003 512 1076 571 mali
1094 511 1198 571 defini·

176 606 292 665 tionem
319 623 339 663 a
361 603 465 664 Servio
494 603 680 679 propositam
704 601 861 661 emendare
885 601 929 675 (P.
949 599 1005 678 34)
1027 601 1078 662 vel
1100 601 1199 661 Servii

177 693 359 753 sententiam
391 693 509 752 ratione
541 711 620 752 nova
654 691 756 750 adlata
789 691 963 750 confirmare
995 688 1041 767 (P.
1063 692 1141 766 190,
1161 681 1198 770 4)

176 785 302 841 conatur
333 782 383 843 vel
417 781 514 841 Servii
548 781 712 840 sententias
745 779 854 855 probat
886 778 933 858 (P.
955 781 1026 840 165.
1054 780 1132 858 190,
1153 770 1199 857 5).

176 870 361 946 Pomponius
382 868 557 930 Servianum
581 869 730 928 actionem
749 869 884 928 nominat
903 861 950 948 (P.
968 862 1054 946 163).
1093 867 1198 942 Gaius,

175 959 207 1018 in
235 960 320 1019 cuius
349 958 496 1018 librorum
522 958 560 1016 ad
583 957 713 1017 edictum
736 957 886 1016 urbanum
910 957 1091 1033 scriptorum
1114 957 1198 1035 frag-

175 1050 285 1108 mentis
313 1046 412 1108 Servii
444 1066 553 1106 nomen
584 1066 645 1106 non
676 1047 841 1122 reperitur,
873 1045 905 1104 in
936 1046 1023 1106 libris
1052 1046 1091 1105 ad
1118 1046 1198 1106 edic·

175 1141 241 1197 tum
278 1136 464 1212 provinciale
502 1135 623 1212 scriptis
660 1139 692 1195 et
723 1135 847 1200 eandem
880 1134 1029 1194 actionem
1060 1135 1199 1195 nominat

178 1218 224 1308 (P.
246 1227 320 1284 212.
341 1215 432 1306 229),
462 1227 494 1284 et
520 1226 621 1300 ipsum
650 1223 787 1285 Servium
813 1217 861 1305 (P.
882 1219 1024 1304 174pr.).
1070 1224 1199 1302 accedit,

177 1316 258 1392 quod
289 1314 383 1373 verba
414 1313 574 1389 quaedam,
609 1333 687 1390 quae
720 1313 849 1390 primum
877 1313 958 1389 apud
986 1313 1124 1374 Servium
1152 1314 1197 1372 in·

176 1404 348 1480 veniuntur,
372 1421 390 1461 a
413 1401 488 1462 Gaio
511 1405 699 1480 repetuntur.

337 1606 495 1666 Servius,
894 1605 1013 1667 Gaius.

242 1727 269 1790 1.
293 1723 332 1792 D.
348 1726 400 1810 19,
414 1727 444 1810 2,
460 1725 511 1807 15,
526 1726 557 1791 2.
586 1723 655 1789 Ser·
780 1727 808 1790 1.
827 1723 866 1789 D.
878 1726 970 1810 13,6‚
983 1726 1033 1791 18.
1052 1726 1087 1790 in
1095 1727 1197 1793 rebus

67 1825 68 1828 ’
172 1813 244 1878 vius
295 1836 424 1880 omnem
475 1816 541 1878 vim
590 1815 654 1878 oui
710 1814 924 1880 commodatis
959 1863 989 1880 ..
1022 1815 1196 1899 diligentia

172 1903 307 1968 resisti
331 1925 406 1968 non
429 1906 578 1987 potest,
601 1902 656 1967 do·
709 1903 905 1987 praestanda
936 1909 985 1968 est
1015 1953 1050 1971 ..
1078 1905 1127 1970 ita
1158 1911 1197 1971 ut

172 1994 296 2056 minum
338 1993 453 2056 colono
490 1993 656 2075 praestare
710 1996 838 2056 tantum
853 2013 1013 2058 eoscaaus
1027 2014 1196 2077 nonprae·

173 2082 290 2145 debere
319 2079 378 2162 ait,
405 2083 523 2162 utputa
628 2079 656 2144 si
710 2085 787 2162 stet,
815 2081 932 2165 quibus
958 2081 1097 2146 resisti
1118 2105 1195 2148 non

173 2169 354 2232 incursus
387 2167 557 2232 hostium
588 2169 656 2235 fiat.
711 2169 1194 2252 potest,veluti...latronum
1273 2221 1274 2232 ,

709 2256 956 2342 hostiumque
995 2259 1195 2344 incursus,
1273 2255 1274 2260 ’

709 2347 888 2431 piratarum
911 2347 1046 2413 insidias
1071 2397 1124 2416 ...

239 2451 270 2515 2.
294 2448 334 2516 D.
351 2449 403 2533 39,
417 2451 447 2533 2,
462 2451 516 2534 24,
524 2452 554 2517 4.
583 2449 654 2517 Ser·
767 2455 797 2518 2.
808 2452 906 2539 1).19,
913 2455 943 2536 2,
951 2453 1003 2519 25.
1017 2456 1066 2520 vis
1078 2456 1193 2539 maior,

172 2541 244 2605 vius
269 2561 397 2625 quoque
419 2544 528 2624 putat,
554 2589 584 2605 ..
607 2541 654 2606 ita
709 2564 805 2627 quam
841 2541 956 2608 Graeci
992 2549 1077 2609 θεοῦ
1111 2547 1194 2628 βίαν

173 2651 247 2694 eum
258 2630 371 2711 teneri,
385 2629 414 2694 si
424 2629 563 2695 aedificii
572 2631 653 2695 vitio
708 2635 827 2697 vocant
849 2679 877 2696 ..
893 2681 900 2698 .

172 2719 205 2782 id
234 2718 401 2802 acciderit,
433 2740 499 2784 non
527 2720 556 2783 si
586 2719 654 2784 vio·
864 2727 865 2736 ’

171 2807 274 2872 lentie
306 2811 474 2872 ventorum
507 2809 558 2872 vel
591 2829 654 2892 qua

172 2894 239 2959 alia
258 2896 393 2978 ratione,
412 2917 493 2980 quae
512 2897 579 2960 vim
597 2896 654 2961 ha·

172 2983 229 3047 bet
252 2983 405 3048 divinam.

263 3171 339 3233 Cum
371 3174 409 3233 de
440 3175 589 3250 praetoris
622 3177 735 3255 edicto,
768 3177 867 3255 qualis
901 3180 970 3237 ante
1000 3177 1190 3238 Hadrianum

172 3263 278 3340 fuerit,
303 3261 379 3322 nihil
407 3263 469 3322 fere
497 3264 644 3324 traditum
672 3266 713 3326 sit
742 3269 772 3326 et
800 3285 835 3324 ex
863 3264 961 3326 Servii
987 3267 1073 3326 libris
1097 3287 1191 3327 unum

171 3355 292 3412 tantum
315 3353 520 3428 fragmentum
544 3353 698 3433 afferatur,
722 3355 880 3414 diiudicari
898 3355 949 3414 vix
966 3357 1077 3432 potest,
1101 3377 1190 3434 quae·

172 3460 243 3500 nam
270 3441 331 3500 alia
358 3441 528 3517 fragmenta
556 3441 618 3501 illis
641 3443 727 3502 libris
751 3443 944 3503 attribuenda
967 3445 1036 3503 sint.
1082 3463 1119 3504 ea
1141 3446 1190 3505 hic

172 3529 330 3603 collocavi,
363 3548 440 3604 quae
472 3531 562 3589 huius
595 3531 654 3590 loci
687 3550 751 3591 esso
783 3535 921 3608 possunt,
954 3531 1066 3592 Iuliani
1098 3533 1189 3594 edicti
