2598 3910
186 212 250 277 288
277 183 350 267 VIII.
366 211 501 266 OCTAVI
515 183 613 268 SAEC.
624 211 719 266 IURIS
736 211 911 268 CONSULT.
922 211 1046 266 scalas
1058 211 1195 265 TERTIA
1285 165 1286 172 l

184 376 261 457 quid
286 380 361 440 esset
377 396 496 457 prmum
513 379 634 457 puttam.
680 368 824 458 respondi
922 395 974 459 epo
991 395 1112 457 purum
1134 394 1196 440 csse

184 465 279 542 valde,
289 485 416 546 purum,
438 465 517 529 01001
538 485 651 528 novum
668 466 823 529 1100101011
841 465 972 529 dietmare
990 465 1196 546 etpropricm

180 555 365 635 propicium,
387 573 498 638 cupere
519 558 608 636 cuce
625 555 780 618 intendero
796 555 926 618 00100101
944 554 1016 618 novi
1033 555 1198 637 etpropre'i

185 643 445 725 sipnc'ficutionem.
611 715 770 722 m

274 825 418 884 Alfenum
446 825 539 884 libros
568 825 720 901 scripsisse
749 825 895 884 traditum
924 827 983 897 est,
1014 843 1196 902 quamquam

187 913 369 990 Pomponius
397 933 500 972 eorum
527 913 706 972 mentionem
735 933 795 973 non
822 913 904 972 facit.
950 931 968 972 a
992 912 1090 972 Gellio
1120 915 1198 972 enim

186 1004 379 1062 nominantur
403 995 451 1083 (7,
472 1005 505 1079 5,
526 995 560 1080 1)
589 1005 620 1060 et
647 1000 911 1061 Coniectaneorum
945 1004 976 1060 et
1002 1002 1199 1080 Digestorum

187 1092 264 1151 libri.
310 1091 504 1169 Digestorum
526 1091 597 1150 libri
619 1109 657 1148 110
680 1091 711 1148 in
734 1090 901 1150 Iustiniani
924 1090 1044 1167 quidem
1063 1091 1198 1173 Digestis
1284 1123 1286 1156 ,1

188 1180 398 1257 componendis
421 1179 552 1256 neglecti
575 1182 658 1238 sunt:
681 1190 810 1256 utraque
834 1181 975 1256 epitoma,
999 1182 1029 1238 et
1048 1198 1084 1238 ea
1108 1199 1196 1256 quam
1285 1237 1286 1240 ,

187 1269 302 1328 Paulus
321 1273 352 1327 et
372 1287 407 1328 ea
425 1288 516 1345 quam
534 1286 680 1346 anoymus
701 1268 837 1340 confecit,
851 1267 1026 1326 Tribonicni
1045 1268 1199 1328 adiutores
1285 1275 1286 1352 ,

189 1359 235 1417 usi
258 1361 336 1417 sunt.
374 1356 489 1417 accedit
512 1357 591 1434 quod
614 1357 728 1416 Paulus
751 1358 783 1416 in
805 1356 881 1416 libro
905 1375 984 1416 nono
1008 1357 1046 1416 ad
1065 1358 1200 1417 edictum
1285 1359 1286 1366 ’

188 1448 279 1506 0110111
306 1447 429 1524 genuini
456 1447 555 1522 operis
586 1446 698 1505 librum
730 1445 939 1524 brigensimum
971 1465 1081 1504 nonum
1117 1447 1200 1505 citat.

188 1535 314 1612 denique
342 1538 413 1594 sunt
440 1535 586 1594 nonnulla
612 1535 716 1594 Alfeni
742 1535 925 1609 fragmenta,
958 1554 1084 1611 quorum
1115 1535 1199 1613 origo
1284 1553 1286 1594 1

187 1643 248 1684 non
273 1625 405 1684 1101111111
430 1619 476 1702 (Ρ.
497 1616 652 1700 75-90).
698 1643 766 1684 oum
794 1624 825 1682 in
852 1622 899 1682 his
926 1624 1012 1682 nulla
1040 1625 1201 1699 sententia,
1285 1671 1286 1678 .

188 1733 264 1790 quae
277 1733 456 1790 responsum
470 1732 534 1773 esse
549 1713 696 1788 videatur,
715 1712 967 1786 deprehendatur,
982 1713 1082 1772 omnia
1096 1713 1202 1772 Alfeni
1285 1721 1286 1752 1

188 1803 273 1862 libris
301 1803 495 1862 attribuenda
518 1805 594 1861 sunt.
642 1806 799 1879 praeterea
827 1801 858 1859 in
886 1801 1091 1877 compluribus
1115 1802 1200 1860 Alfe-

187 1911 244 1950 nus
268 1892 382 1969 aliquid
402 1886 555 1950 ‘scribere'
579 1891 691 1950 dicitur
715 1882 844 1970 (scilicet
867 1908 885 1948 a
907 1889 1046 1949 Labeone
1070 1890 1151 1950 libro
1170 1891 1201 1950 Il
1284 1919 1285 1926 ¹

188 1982 373 2040 crevenno
399 1981 575 2055 epitomato:
604 1973 744 2038 ‘Alfenus
763 1979 864 2038 Varus
955 1974 1070 2038 scribit'
1094 1979 1132 2040 D.
1149 1983 1200 2053 32,

189 2071 240 2139 29,
261 2073 292 2144 2,
319 2071 373 2146 33,
393 2070 428 2144 4,
448 2071 540 2144 601,
568 2087 586 2126 0
613 2068 777 2142 Pomponio
805 2067 882 2128 libro
906 2067 949 2126 IX
977 2067 1015 2127 ad
1041 2067 1200 2128 Sabinum:

189 2152 327 2216 ‘Alfenus
357 2151 486 2231 scripsit’
515 2156 549 2215 D.
572 2157 809 2234 18,1,18,1,
842 2156 969 2232 denique
1001 2157 1038 2216 ab
1067 2157 1201 2233 Ulpiano
1284 2213 1285 2242 ,

97 2245 102 2256 ’
188 2246 265 2304 111110
293 2245 379 2302 XVII
409 2245 446 2303 ad
474 2244 617 2303 edictum:
646 2239 802 2304 ‘Alfenum
919 2246 1047 2304 scribere
1075 2241 1132 2305 ait'
1162 2267 1202 2307 sc.

189 2334 291 2392 ArIsto
314 2333 351 2392 D.
373 2335 401 2410 8,
422 2337 450 2409 5,
471 2336 500 2409 8,
520 2335 553 2409 53
576 2333 653 2392 libro
678 2333 762 2393 LIII:
787 2327 926 2393 ‘Alfenus
951 2329 1066 2394 scribit'
1091 2336 1127 2394 D.
1148 2338 1202 2414 39,

189 2425 218 2501 2,
239 2426 267 2497 9,
288 2425 317 2496 2,
340 2422 417 2482 111110
441 2423 508 2481 LV:
533 2416 644 2481 ‘Varus
740 2417 853 2482 scribit'
872 2423 906 2482 D.
927 2425 978 2495 40,
999 2425 1049 2500 12,
1071 2417 1128 2504 10)
1152 2426 1203 2486 101

190 2506 323 2572 ‘referre'
348 2505 380 2594 (a
398 2512 562 2588 Papiniano
581 2513 659 2570 libro
678 2512 793 2570 XXVII
812 2511 1040 2581 Quaestionum:
1060 2507 1202 2574 ‘Alfenus

188 2597 321 2661 rettulit
345 2603 380 2660 D.
401 2604 451 2679 31,
473 2596 529 2682 74)
552 2601 602 2661 101
624 2595 717 2678 ‘apud
739 2592 895 2660 Alfenum'
916 2600 1054 2661 Servium
1076 2619 1209 2678 respon·

179 2691 258 2750 11010
283 2684 479 2770 (0110100110
502 2691 580 2750 libro
603 2690 678 2749 XIII
701 2690 911 2766 Digestorum:
940 2683 1032 2765 ‘apud
1054 2690 1202 2753 Alfenum

265 2778 386 2839 Servius
411 2825 439 2839 ..
460 2823 467 2838 .
490 2774 656 2854 respondit'
685 2780 720 2838 D.
740 2781 796 2856 46,
817 2781 849 2856 3,
871 2772 927 2857 67)
954 2779 1003 2839 101
1030 2782 1139 2856 putare
1170 2774 1203 2862 (a

188 2866 283 2926 Paulo
311 2867 388 2926 libro
412 2867 508 2925 XLIX
536 2868 575 2924 ad
604 2869 749 2927 edictum:
778 2861 913 2927 ‘Servius
1012 2868 1093 2944 apud
1115 2869 1202 2928 Alfe-

189 2974 262 3012 num
360 2950 461 3031 putat'
483 2955 516 3013 D.
538 2957 589 3031 50,
612 2959 662 3032 16,
683 2951 738 3032 77)
762 2957 811 3015 101
833 2957 938 3015 notare
958 2950 989 3037 (0
1008 2957 1102 3016 Paulo
1121 2959 1202 3017 libro

188 3043 303 3101 XXXII
326 3043 364 3102 ad
387 3043 517 3101 edictum
546 3043 582 3102 D.
603 3046 653 3120 17,
673 3048 701 3122 2,
722 3047 772 3122 66,
793 3047 824 3104 81
855 3038 990 3105 ‘servius
1013 3046 1093 3122 apud
1117 3046 1202 3107 Alfe-

189 3152 261 3190 num
285 3177 335 3191 ...
359 3122 469 3212 notat).

278 3221 380 3280 Alfeni
399 3219 665 3280 Coniectaneorum
689 3221 775 3281 libris
797 3223 883 3282 nulla
900 3223 1101 3284 attribuemus
1120 3225 1203 3302 frag·

189 3314 299 3388 menta,
323 3329 391 3369 cum
413 3311 522 3369 horum
545 3310 690 3369 librorum
712 3314 833 3387 praeter
855 3311 986 3371 Gellium
1008 3331 1095 3370 nemo
1118 3331 1201 3372 men·

189 3398 302 3458 tionem
329 3399 429 3458 faciat.
476 3418 511 3458 ex
539 3398 672 3476 Digestis
699 3401 799 3476 potius
823 3419 860 3458 ec
883 3417 947 3459 esse
970 3401 1129 3477 desumpta
1152 3402 1203 3460 101

190 3487 245 3546 hoc
264 3489 460 3565 demonstrat,
479 3489 559 3564 quod
577 3488 615 3546 ab
633 3487 740 3548 iisdem
758 3489 833 3547 iuris
852 3488 1006 3561 consultis,
1024 3490 1202 3566 inquorum

191 3573 277 3634 libris
304 3576 448 3636 Alfenum
474 3577 519 3636 ita
546 3576 664 3635 laudari
692 3595 782 3652 supra
808 3577 951 3654 vidimus,
981 3576 1108 3655 Digesta
1135 3579 1202 3638 eius
