2598 3910
407 179 430 228 1.
453 173 483 229 P.
498 173 663 229 ALFENUS
682 169 803 231 VARUS
1042 179 1118 243 293·

11 325 12 342 ³
100 336 273 420 respondit
298 337 461 400 neminem
486 359 523 401 ex
547 338 678 403 alterius
702 337 787 403 laeto
811 339 982 405 hereditati
1004 363 1107 425 neque

11 439 13 464 ³
101 425 235 510 alligari
262 447 364 510 neque
388 426 571 490 exheredari
593 449 702 510 posse,
729 427 784 491 sed
808 428 855 492 uti
878 429 1012 513 quisque
1035 451 1107 494 eon-

12 513 13 518 ’
102 513 262 579 dicionem
291 515 470 598 implesset,
497 516 643 598 quamvis
671 537 765 580 nemo
790 516 911 581 adisset
933 523 1106 602 praeterea,

11 673 12 676 Ἴ
101 607 212 667 tamen
236 623 308 666 eum
330 603 480 667 heredem
504 625 583 668 esse.
675 634 680 676 χ

191 724 228 782 af.
251 722 346 783 Servii
368 741 510 801 responsa
534 727 564 787 5.

165 892 338 948 Testamenta
355 894 386 947 in
404 893 469 948 arbe
487 894 527 948 ael
545 894 649 950 Romae
666 895 777 950 condita
796 897 844 950 nbi
862 897 1043 965 aperiantur?

190 1002 235 1066 4⁸.
262 1001 300 1066 D.
316 1002 367 1086 50,
383 1003 434 1082 16,
447 1003 512 1068 239
532 1005 551 1083 ἐ
568 1004 598 1068 6.
630 1003 827 1088 Pomponius
846 1004 929 1070 libro
949 1006 1105 1091 singulari
1171 1037 1173 1041 ·

100 1089 283 1156 Enehiridii
307 1087 356 1177 (P.
372 1092 444 1176 179,
458 1089 503 1178 6).
545 1090 655 1157 ‘Urbs'
685 1094 725 1158 ab
753 1093 834 1158 urbo
859 1095 1021 1178 appellata
1044 1103 1105 1160 est:

102 1179 219 1243 urbere
242 1183 292 1244 est
314 1183 423 1245 aratro
447 1179 586 1244 definire.
625 1184 658 1245 et
676 1179 782 1246 Varus
802 1183 848 1246 ait
865 1184 979 1248 urbum
999 1185 1104 1270 appel-

100 1268 163 1332 lari
190 1271 395 1332 curvaturam
425 1269 539 1353 aratri,
571 1270 655 1353 quod
687 1270 721 1334 in
752 1271 831 1335 urbe
860 1272 1023 1336 condenda
1051 1273 1103 1338 ad-

98 1355 204 1420 hiberi
228 1358 318 1421 solet.

47 1455 51 1460 ’
190 1441 236 1508 4¹³.
260 1445 298 1510 D.
313 1445 365 1529 50,
382 1447 431 1530 16,
446 1446 497 1511 87.
524 1444 696 1510 Marcellus
711 1447 794 1512 libro
810 1447 996 1514 duodecimo
1011 1449 1106 1534 Dige-

101 1538 225 1599 storum
248 1531 298 1620 (P.
320 1535 406 1616 146).
455 1533 503 1600 Ut
525 1535 661 1599 Alfenus
685 1537 743 1619 ait,
773 1535 872 1601 ‘urbs'
897 1543 946 1602 ast
969 1537 1105 1624 ‘Roma',

100 1644 183 1706 quae
216 1645 307 1688 muro
339 1624 532 1708 cingeretur,
565 1623 693 1688 ‘Roma'
725 1627 774 1688 est
803 1626 914 1710 etiam,
942 1648 1005 1710 qua
1032 1649 1104 1692 aon·

99 1711 240 1776 tinentia
263 1711 406 1776 aedificia
425 1717 545 1776 essent:
568 1734 643 1776 uam
662 1711 798 1777 Romam
817 1736 882 1778 non
901 1737 992 1779 muro
1011 1718 1105 1780 tenus

100 1800 280 1864 existimari
312 1821 351 1864 ex
378 1801 609 1866 eonsuetudIne
637 1801 798 1866 cotidiana
826 1825 921 1884 posse
948 1804 1103 1890 intellegi,

100 1910 174 1954 eum
198 1889 375 1959 diceremus
398 1879 533 1954 Romam
557 1911 615 1954 nos
639 1890 698 1974 ire,
726 1889 854 1955 etiamsi
877 1895 968 1956 extra
990 1894 1104 1958 urbem

99 1977 329 2043 habitaremus.
791 1985 793 1990 '

188 2107 351 2166 Rubrioam
369 2125 405 2166 ex
419 2106 533 2166 Lenelii
549 2108 719 2168 coniectura
733 2110 771 2168 ed
783 2109 958 2170 Marcellum
971 2113 1104 2186 proposi·

75 2268 77 2272 ¹
98 2199 164 2256 tam
184 2195 259 2256 dedi.
297 2199 329 2254 at
346 2196 473 2255 fortasse
491 2215 545 2272 pro
563 2197 640 2257 libro
658 2197 717 2256 ΧΠ
734 2199 835 2274 potius
853 2199 928 2258 XIII
945 2200 1105 2278 legendum

99 2288 154 2360 est,
172 2285 218 2344 ita
236 2287 271 2342 ut
283 2284 319 2343 de
333 2303 442 2361 penore
456 2285 557 2361 legato
572 2304 737 2346 sermonem
750 2287 843 2348 fuisse
857 2289 991 2348 aonioere
1004 2289 1104 2351 Iiaeat.

99 2375 135 2434 ef.
159 2373 197 2432 D.
213 2375 264 2449 33,
279 2375 343 2450 9,4
362 2370 404 2448 ἐξ
420 2373 514 2434 3-5.
550 2373 663 2433 Paulus
681 2375 758 2434 libro
777 2380 883 2452 quarta
903 2378 941 2436 ad
960 2377 1103 2440 Sabinum

99 2455 147 2543 (P.
164 2455 278 2542 1676):
300 2461 417 2520 Nomen
439 2464 542 2521 autem
563 2481 658 2538 penus
680 2463 754 2521 mihi
774 2463 919 2523 traditum
942 2469 988 2524 ast
1010 2469 1103 2526 omni-

99 2551 156 2611 bus
180 2551 339 2629 generibus
358 2551 479 2610 dietum.
517 2550 543 2610 si
561 2551 605 2610 ita
622 2551 740 2627 legetur
758 2544 877 2626 ‘penum
898 2573 973 2629 quae
984 2554 1103 2616 'Rornae

98 2634 162 2716 ait',
186 2642 289 2699 utrum
312 2658 388 2716 quae
412 2641 458 2698 est
482 2639 488 2652 ’
512 2643 561 2698 tra
584 2639 777 2718 continentia,
800 2641 901 2718 legata
923 2641 1042 2700 videtur
1064 2663 1104 2704 an

97 2748 169 2790 varo
198 2747 233 2787 ea
261 2729 325 2787 sola
352 2747 428 2804 quae
455 2731 501 2787 est
528 2728 608 2788 intra
632 2728 770 2787 murum?
816 2731 847 2788 et
870 2729 990 2807 quidem
1012 2723 1104 2794 urbes

97 2817 161 2878 fere
190 2835 292 2877 omnes
319 2836 405 2875 muro
432 2819 520 2876 tenus
547 2816 639 2892 finiri,
670 2816 796 2876 Romam
826 2819 1044 2880 continentibus
1072 2827 1103 2884 et

96 2907 204 2966 urbem
217 2905 344 2965 Romam
363 2923 455 2981 aequo
473 2905 700 2965 contiuentibus.
733 2907 812 2984 quod
831 2907 856 2966 si
873 2908 990 2967 urbana
1006 2928 1102 2985 penus

97 2995 136 3055 sa
159 2997 271 3072 legata,
294 3011 410 3053 omnem
433 3013 509 3070 quae
531 2994 641 3072 ubique
664 2997 711 3054 est
732 2995 864 3073 legatam
886 2996 980 3056 videri
1002 2998 1102 3062 Labeo

11 3109 12 3114 ¹
96 3085 152 3160 ait,
186 3083 276 3143 etiam
309 3082 334 3141 si
365 3081 397 3140 in
427 3082 509 3142 villis
540 3083 679 3161 agrisque
711 3083 763 3159 sit,
795 3085 820 3144 si
852 3085 906 3144 illa
931 3085 971 3144 sit
996 3088 1102 3149 urbico

12 3207 13 3212 κ
94 3172 165 3232 usui
188 3171 339 3232 destinata

371 3331 415 3385 De
432 3332 583 3385 testamenti
600 3332 829 3400 interpretatione.

185 3441 216 3507 5.
244 3441 283 3506 Ι).
297 3442 350 3520 34,
365 3441 393 3520 8,
408 3441 438 3506 2.
473 3438 610 3504 Alfenus
628 3437 746 3520 Varus¹
759 3439 842 3505 libro
867 3440 978 3524 quinto
1002 3441 1100 3526 Dige-

95 3535 220 3596 storum
249 3529 297 3614 (P.
317 3530 396 3614 210).
446 3527 534 3604 Quae
562 3529 595 3591 in
623 3531 817 3593 testamento
847 3529 967 3612 scripta
991 3538 1117 3631 essent·
