2588 3908
224 229 286 293 180
322 229 368 283 VI.
393 228 526 284 OCTAVI
545 228 643 284 Saso.
663 227 759 284 IURIS
779 228 951 284 CONSULT.
969 227 1093 283 saulus
1113 227 1220 283 PRIMA

220 397 455 456 einheimisehon
473 396 657 456 Production
679 397 782 456 wurde
804 396 919 456 fromdo
937 396 1037 455 Wolle
1055 395 1222 458 theils'ver·

222 486 363 562 arbeitst,
391 486 482 546 theiis
505 486 561 544 roh
588 484 619 543 in
646 504 771 561 grossen
793 485 990 555 Quantitaten
1016 485 1049 544 in
1070 485 1148 544 Rom
1170 485 1222 544 ein-

222 575 345 652 gslllhrt
437 574 569 634 Gesuoht
587 591 688 633 waren
706 573 787 633 diese
805 575 1036 635 verschiedenen
1055 573 1222 652 Gattunger

222 664 313 722 theils
331 663 413 722 ihrer
427 663 574 738 Feinheit,
592 662 683 722 theils
700 660 783 722 ihrer
801 663 989 722 natllrliohen
1008 664 1116 722 aohten
1133 664 1222 722 Farbe

222 771 339 830 wegen,
367 753 415 811 die
442 752 508 810 eine
536 751 657 811 woitere
681 751 823 829 Ftrbun'g
849 752 998 828 unnothig
1024 753 1143 811 maohte
1166 744 1222 811 ...³

126 897 128 902 .
223 841 260 900 af.
279 841 434 900 decretum
457 838 488 899 O.
507 840 622 900 Fannio
646 843 677 900 et
699 841 738 900 M.
759 840 880 900 Valerio
900 840 1041 900 Messalla
1058 841 1221 900 oonsulibus
1264 861 1265 864 ¹

223 921 264 1009 (a.
284 919 448 1009 592s162)
472 929 594 1004 fautum,
617 929 649 988 in
671 948 731 1005 quo
754 928 896 988 iubentur
918 928 1067 1005 prinsipes
1090 929 1222 1005 civitatis,
1251 899 1266 1005 Ξ

222 1018 275 1092 qui
307 1017 387 1075 ludis
414 1017 636 1095 Megalensibus
669 1018 793 1095 antiquo
821 1018 884 1076 ritu
910 1018 1099 1094 mutitarent,
1133 1019 1222 1077 iurare
1252 1012 1266 1036 ³

223 1105 302 1181 apud
326 1107 462 1165 eonsules
484 1106 583 1166 verbis
606 1107 770 1184 conseptis,
797 1125 856 1166 non
878 1106 948 1166 vino
971 1105 1152 1184 alienigena,
1179 1105 1222 1167 sed

222 1193 339 1271 patriae
362 1213 394 1253 se
417 1213 534 1254 usuros.
577 1195 653 1256 Gall.
674 1198 702 1273 2,
719 1197 769 1272 24,
784 1197 812 1254 2.

312 1299 394 1369 Quae
424 1300 546 1360 Servius
575 1301 611 1360 de
639 1301 699 1361 lino
728 1299 927 1378 responderit,
956 1320 1049 1377 aeque
1075 1302 1222 1361 nescimus.

224 1389 332 1468 „Feino
359 1389 522 1450 Leinwand
553 1390 670 1450 lieferte
697 1390 808 1449 Italion
838 1389 949 1465 wenig,
981 1390 1053 1449 aber
1080 1389 1222 1449 ordinares

222 1478 336 1536 Leinon
358 1479 409 1537 fllr
433 1479 490 1537 den
512 1479 627 1538 Bedarf
647 1479 700 1538 der
722 1479 848 1538 Familia
870 1478 974 1538 wurde
996 1478 1037 1537 im
1059 1478 1161 1538 Haase
1183 1497 1222 1557 ge·

223 1566 303 1626 webt
327 1559 376 1646 (D.
396 1559 640 1647 32,1,70,11).
677 1567 734 1627 Die
758 1567 909 1627 Zunahme
933 1567 984 1626 des
1002 1567 1153 1628 Verkehrs
1176 1567 1222 1626 mit

225 1655 283 1715 den
315 1656 577 1715 ausseritalisohen
604 1656 743 1715 Laudem
773 1655 896 1715 braohte
923 1655 1017 1715 feines
1043 1655 1222 1730 Linnenzeug

223 1747 330 1804 immor
344 1746 430 1804 mehr
443 1745 475 1803 in
489 1745 669 1804 Aninahme.
693 1743 751 1803 Ein
764 1745 857 1803 feines
868 1745 1075 1804 Tasohentuoh
1088 1745 1222 1804 brauchte

223 1854 294 1892 man
321 1834 412 1894 sehon
427 1854 475 1892 xzu
503 1832 622 1893 Ciceros
650 1833 715 1892 Zeit
742 1878 802 1892 ...
853 1833 969 1892 Plinius
998 1825 1040 1915 (n.
1063 1834 1093 1892 h.
1119 1837 1171 1911 19,
1194 1824 1221 1912 8)

225 1923 359 1982 erwahnt
391 1941 423 1981 es
456 1922 501 1980 als
525 1921 591 1980 eine
619 1921 991 1999 Familionlibarlieferung
1024 1921 1077 1981 der
1105 1920 1222 1992 Serrani,

225 2012 294 2069 dass
318 2011 366 2068 die
389 2011 508 2068 Frauan
529 2009 601 2069 kain
619 2003 735 2068 Linnen
757 2006 891 2086 tragen“.
923 2011 1100 2087 Marquardt
1118 2031 1143 2071 a.
1158 2027 1183 2070 a.
1195 2007 1222 2068 0.

224 2118 252 2173 p.
273 2100 411 2174 466sqq.

315 2209 366 2272 37.
390 2207 429 2274 D.
441 2207 492 2288 34,
506 2208 537 2290 2,
546 2208 576 2272 4.
605 2207 724 2273 Paulus
739 2209 821 2274 libro
837 2209 1103 2295 quinquagesimo
1118 2211 1221 2296 quarto

227 2295 267 2360 ad
292 2297 431 2361 edietum
456 2291 506 2382 (P.
524 2293 613 2384 669).
652 2295 732 2363 Gum
756 2298 885 2382 quidam
909 2297 1061 2363 libertum
1085 2297 1221 2363 suumin

226 2385 339 2450 Asiam
369 2385 512 2450 misisset
541 2385 581 2450 ad
609 2409 769 2471 purpuras
796 2387 948 2451 emendas
976 2391 1009 2450 et
1035 2389 1221 2451 testamento

225 2475 318 2540 uxori
333 2496 409 2540 suae
423 2475 530 2540 lanam
545 2497 739 2560 purpuream
754 2475 905 2560 legasset,
923 2477 1084 2560 pertinere
1098 2477 1137 2540 ad
1151 2493 1221 2554 eam,

227 2565 254 2629 si
283 2585 378 2648 quam
406 2586 580 2650 purpuram
605 2565 678 2630 vivo
706 2586 743 2629 eo
767 2563 902 2628 libertus
927 2565 1071 2648 emisset,
1104 2562 1220 2628 Servius

226 2653 402 2738 respondit.

512 2764 556 2820 De
573 2767 657 2822 aava
675 2771 701 2820 et
718 2767 829 2820 aucillis
846 2767 950 2836 tepetis.

315 2873 367 2938 38.
390 2872 429 2939 D.
448 2874 501 2956 32,
519 2874 571 2938 61.
601 2871 690 2937 Idem
709 2870 859 2959 (Alfenus
898 2875 981 2939 libro
1005 2879 1118 2941 octavo
1137 2872 1221 2956 Digo

228 2965 351 3025 storum
384 2983 403 3024 a
434 2959 536 3025 Paulo
569 2960 819 3046 epitomatorum
867 2963 901 3027 Ρ.
926 2961 991 3049 73).
1043 2961 1220 3028 Textoribus

228 3049 387 3131 omnibus,
409 3050 464 3132 qui
483 3049 533 3114 sui
551 3054 660 3114 essent
678 3071 750 3113 oum
769 3056 956 3137 moreretur,
974 3053 1091 3137 legatis
1109 3045 1220 3136 quaesi·

228 3144 298 3203 tum
318 3141 376 3221 est,
394 3159 435 3202 an
451 3141 484 3202 et
498 3137 535 3216 is,
554 3159 650 3222 quem
665 3141 779 3222 postea
793 3161 830 3202 ex
845 3139 897 3205 his
912 3141 1081 3206 ostiarium
1095 3135 1221 3214 fecisset,

227 3229 337 3310 legato
358 3226 586 3292 contineretur.
627 3227 793 3310 respondit
811 3227 983 3294 contineri:
1005 3252 1071 3296 non
1089 3229 1170 3295 enim
1187 3220 1220 3287 nd

229 3315 316 3382 aliud
340 3316 520 3399 artificium,
542 3316 598 3381 sed
622 3316 662 3380 ad
681 3317 781 3380 alium
799 3339 894 3383 usum
912 3319 1134 3384 transductum
1153 3329 1220 3378 esse.

317 3404 384 3469 39?
406 3402 508 3484 Dso,
521 3405 570 3487 16,
581 3405 655 3470 204.
682 3402 801 3470 Paulus
819 3407 902 3472 libro
922 3409 1060 3473 secundo
1079 3407 1219 3491 episom-

229 3515 302 3558 rum
313 3493 421 3559 Alfeni
431 3491 481 3580 (P.
489 3491 556 3578 38).
580 3492 698 3558 ‘Pueri'
709 3495 885 3578 appellatio
899 3499 965 3560 tres
981 3493 1220 3581 significationes

229 3581 341 3645 habet:
365 3603 472 3666 unam,
495 3604 567 3646 oum
590 3603 702 3648 omnes
722 3604 830 3649 servos
848 3605 965 3666 pueros
983 3585 1220 3669 appellaremus:
