2588 3908
354 211 378 260 e.
405 185 556 262 saevius
576 206 757 262 sosarmus
776 207 893 264 ausus
1061 211 1126 274 213

509 376 554 434 De
570 377 744 450 publicanis.
806 413 808 416 -

210 495 283 560 146.
306 493 408 577 D.50,
424 496 475 578 16,
489 496 563 560 203.
594 493 682 558 Idem
701 491 868 582 (Alfenus)
886 495 970 561 libro
989 498 1126 582 septimo

115 585 328 670 Digestorum
353 579 401 668 (P.
420 581 488 668 29).
533 582 571 646 In
598 584 669 667 lege
694 585 840 648 censoria
862 589 974 668 portus
998 584 1127 652 Siciliae

115 675 165 739 ita
184 673 340 756 seriptum
360 675 441 735 erat:
461 670 593 754 ‘servos
616 693 695 755 quos
715 672 844 737 domum
865 674 936 757 quis
956 675 1050 740 ducet
1068 698 1126 742 suo

117 785 189 844 usu,
211 783 271 846 pro
294 761 323 825 is
346 761 527 844 portorium
550 782 590 824 ne
614 760 712 826 dato'.
758 762 980 846 quaerebatur,
1004 764 1126 848 siquis

121 875 141 918 a
156 850 267 917 Sicilia
285 871 395 914 servos
410 847 547 914 Romam
562 849 705 914 mitteret
718 849 810 914 fundi
826 851 1007 918 instruendi
1020 874 1126 936 eausa,

107 945 232 1006 utrum
254 961 314 1024 pro
337 939 388 1002 his
411 937 595 1003 hominibus
618 939 799 1022 portorium
823 939 898 1004 dare
922 940 1051 1006 deberet
1068 965 1126 1008 nee

116 1052 168 1095 ne.
205 1027 372 1113 respondit
395 1026 474 1090 duas
497 1047 566 1091 esse
589 1028 624 1090 in
645 1027 707 1092 hae
729 1029 891 1112 scriptura
914 1031 1126 1115 quaestiones,

116 1119 270 1204 primam,
302 1115 379 1200 quid
407 1118 492 1180 esset
521 1114 667 1180 ‘domum
695 1115 834 1200 duoere',
867 1117 1018 1202 alteram,
1050 1121 1126 1203 quid

119 1210 207 1273 esset
234 1205 304 1270 ‘suo
330 1226 392 1269 usu
414 1203 550 1269 dueere'.
595 1204 696 1290 igitur
718 1207 829 1288 quaeri
852 1207 983 1290 soleret,
1009 1211 1127 1294 utrum,

118 1297 175 1362 ubi
199 1294 333 1379 quisque
355 1293 519 1358 habitaret
543 1293 609 1357 sive
632 1294 667 1356 in
689 1293 856 1377 provincia
879 1296 945 1360 sive
968 1297 1003 1361 in
1020 1295 1127 1380 Italia,

34 1384 37 1387 ’
119 1407 162 1451 an
185 1385 354 1448 dumtaxat
376 1383 410 1446 iu
433 1404 491 1446 sua
514 1383 666 1466 cuiusque
689 1383 795 1465 patria
818 1383 932 1448 domus
952 1390 1126 1450 asserente

118 1476 248 1541 dicetur.
296 1471 350 1536 sed
379 1471 418 1534 de
448 1493 486 1534 ea
514 1491 549 1534 re
573 1470 786 1535 constitutum
810 1493 879 1536 esse
902 1495 973 1538 eam
996 1474 1127 1538 domum

117 1562 291 1645 unicuique
310 1563 457 1625 nostrum
476 1559 591 1624 debere
610 1559 794 1644 existimari,
812 1560 869 1624 ubi
884 1563 1019 1647 quisque
1035 1563 1125 1628 sedes

119 1657 152 1718 et
178 1649 307 1716 tabulas
334 1649 471 1713 haberet
504 1668 696 1732 suarumque
724 1670 831 1713 rerum
861 1651 1126 1716 constitutionem

117 1740 257 1806 fecisset.
294 1737 370 1822 quid
390 1740 498 1801 autem
516 1740 601 1802 esset
619 1735 690 1800 ‘usu
706 1736 786 1820 suo',
803 1758 955 1822 magnam
974 1739 1126 1805 habuisse

119 1827 364 1895 dubitationem.
397 1829 430 1890 et
447 1824 554 1910 <penu
573 1826 622 1890 sui
640 1847 717 1890 usus
736 1847 832 1890 causa
846 1825 1001 1912 parata>1
1020 1829 1126 1912 magis

118 1919 258 2004 plaeere,
286 1916 369 2001 quod
398 1915 501 1980 vietus
530 1915 580 1980 sui
608 1937 706 1980 eausa
731 1919 881 1999 paratum
909 1919 972 2002 est,
998 1921 1126 1980 tantum

118 2004 286 2073 contineri.
323 2005 464 2088 itemque
483 2003 522 2071 de
541 2003 641 2069 serris
660 2003 771 2068 eadem
790 2004 914 2069 ratione
934 2005 1052 2090 quaeri,
1072 2006 1126 2090 qui

119 2117 231 2162 eorum
253 2115 331 2158 usus
356 2093 405 2156 sui
428 2114 526 2157 cansa
547 2093 655 2178 parati
673 2091 803 2158 essent?
835 2097 944 2158 utrum
962 2093 1127 2179 dispensa-

117 2189 214 2265 tores,
238 2182 394 2265 insularii,
414 2180 511 2265 vilici,
535 2181 700 2264 atrienses,
724 2185 867 2247 textores
886 2183 1046 2268 (tantum,
1065 2185 1127 2268 an>

119 2271 261 2358 operarii
279 2293 405 2356 quoque
424 2271 547 2355 rustici,
565 2271 620 2355 qui
640 2291 792 2355 agrorum
811 2271 1016 2336 colendorum
1031 2294 1127 2336 eausa

116 2363 327 2443 haberentur,
364 2381 402 2423 ex
439 2359 555 2442 quibus
589 2360 675 2443 agris
706 2364 800 2443 pater
830 2359 971 2426 familias
1002 2360 1126 2435 fruetus

118 2453 257 2536 caperat,
275 2449 391 2534 quibus
411 2469 445 2512 se
459 2448 616 2512 toleraret
630 2443 679 2534 (se
698 2468 835 2532 suosque
851 2446 996 2535 alereti),
1015 2471 1126 2514 omnes

118 2540 256 2624 denique
280 2559 400 2620 servos,
422 2558 503 2620 quos
527 2536 662 2620 quisque
685 2536 825 2620 emisset,
848 2539 884 2600 ut
905 2537 973 2620 ipse
992 2537 1127 2602 haberet

117 2634 216 2714 atque
244 2627 290 2692 eis
319 2625 359 2690 ad
387 2625 530 2710 aliquam
555 2646 624 2688 rem
647 2627 790 2688 uteretur
812 2645 914 2708 neque
937 2625 1009 2688 ideo
1033 2626 1126 2689 emis·

118 2721 183 2798 set,
208 2721 244 2781 ut
265 2715 437 2780 venderet?
484 2718 516 2777 et
538 2713 601 2778 sibi
626 2712 725 2778 videri
749 2733 803 2778 eos
827 2713 955 2776 demum
978 2735 1054 2778 usus
1077 2714 1128 2778 sui

117 2828 216 2872 eausa
247 2811 375 2889 patrem
407 2803 547 2868 familias
579 2802 712 2886 habere,
748 2803 802 2887 qui
835 2801 875 2866 ad
909 2803 976 2866 eiua
1012 2824 1126 2886 eorpus

117 2895 272 2962 tuendum
303 2895 398 2976 atque
426 2891 528 2976 ipsius
556 2892 680 2956 cultum
707 2890 885 2975 praepositi
912 2890 1127 2976 destinatique

117 2988 240 3068 essent,
271 3003 335 3066 quo
367 2983 402 3045 in
434 3001 549 3065 genere
579 2981 783 3062 [i]unotores‚
816 2979 1017 3065 cubicularii,
1049 2981 1127 3064 oooi,

117 3074 357 3138 ministratores
381 3073 477 3155 atque
501 3069 565 3152 alii,
587 3069 643 3153 qui
667 3069 707 3134 ad
730 3069 886 3134 eiusmodi
908 3091 1002 3134 usum
1020 3069 1128 3154 parati

117 3165 236 3246 essent,
258 3163 490 3224 numeraretur.

207 3266 311 3331 Alfeni
337 3271 503 3330 orationem
528 3289 553 3334 ,a
581 3269 763 3330 Triboniano
795 3273 943 3330 mutatam
976 3270 1006 3327 et
1035 3268 1126 3341 inter-

116 3363 253 3441 polatam
280 3377 344 3419 esse
371 3359 517 3418 existimo.
563 3359 692 3434 primum
720 3359 780 3417 iam
809 3358 900 3419 verba
927 3351 980 3416 ‘de
1004 3375 1039 3414 ea
1062 3374 1127 3414 oon-

118 3453 262 3512 stitutum
294 3442 373 3509 esse'
403 3448 494 3507 dubia
521 3449 655 3523 movent,
687 3439 718 3506 et
745 3465 821 3524 quae
849 3447 1016 3522 sequuntur
1043 3437 1127 3502 ‘oum

191 3589 205 3637 1
229 3600 263 3638 ea
282 3583 445 3638 Monimseni
462 3581 619 3638 coniectura
637 3581 778 3635 adiectum.
