2588 3908
177 205 241 269 184
277 207 322 260 vr.
346 204 480 260 ocrim
500 205 597 260 sano.
616 203 713 259 mars
733 203 906 260 oousum.
924 201 1048 259 suasus
1067 202 1185 257 carna

178 389 270 433 servo
299 357 412 433 Eril—⁷¹
440 367 619 452 (rationis)
647 369 715 433 eius
745 368 923 454 legaverat:
956 365 1065 431 ‘heres
1095 389 1186 432 meus

1276 323 1278 422 l

178 455 288 522 Sticho
309 477 401 522 servo
420 478 500 540 meo,
522 478 616 540 quem
635 460 832 522 testamento
851 456 1077 520 liberumesse
1096 457 1189 538 iussi,

176 545 298 638 HSV1,
322 573 402 638 quae
423 553 457 618 in
475 554 596 618 tabulis
614 553 725 637 debeo,
748 553 844 619 dato'.
885 554 966 618 nihil
986 575 1078 618 servo
1098 554 1188 638 lega-

176 647 246 707 tum
276 665 345 708 esse
372 642 521 708 Namusa
549 641 693 707 Servium
722 642 926 726 respondisse
954 642 1079 726 scribit,
1111 644 1190 726 quia

176 733 325 797 dominus
350 753 442 796 servo
465 731 548 796 nihil
572 731 686 796 debere
710 732 878 815 potuisset.

267 847 283 902 1
315 843 430 903 Triton
454 862 560 902 aureos
584 843 724 920 quinque.

440 984 484 1038 De
502 985 589 1056 lepato
607 986 657 1040 sub
676 986 834 1040 condicione
852 987 925 1040 dato.

267 1085 319 1152 52.
351 1083 390 1149 D.
410 1084 467 1168 28,
482 1085 510 1167 7,
525 1085 577 1152 28.
613 1084 812 1170 Papinianus
835 1086 918 1150 libro
941 1085 1038 1150 tertio
1063 1085 1190 1150 decimo

179 1174 410 1251 Quaestionum
428 1171 477 1260 (P.
492 1170 582 1261 217).
610 1223 639 1238 ..
660 1178 850 1259 argumento
870 1224 899 1239 ..
920 1178 982 1257 est,
1002 1174 1086 1258 quod
1102 1175 1191 1260 apud

179 1263 326 1329 Servium
350 1284 476 1347 quoque
498 1265 635 1327 relatum
655 1267 718 1328 est:
742 1261 901 1348 quendam
921 1263 1005 1326 enim
1025 1263 1124 1327 refert
1142 1264 1192 1328 ita

179 1353 329 1418 heredem
352 1352 547 1436 institutum,
570 1353 598 1415 si
622 1349 810 1435 <sacrorum
829 1351 1048 1417 faciendorum
1069 1353 1192 1435 eausa>

180 1443 214 1506 in
238 1439 437 1525 Capitolium
461 1441 653 1523 ascenderit,
681 1463 744 1527 quo
769 1442 885 1506 sinon
909 1441 1119 1520 ascendisset,
1147 1443 1192 1504 le-

179 1533 292 1615 gatum
310 1531 339 1594 ei
358 1529 478 1614 datum,
502 1551 636 1614 eumque
656 1535 827 1614 antequam
847 1529 1033 1594 ascenderet
1051 1533 1192 1594 mortem

181 1619 301 1684 obisse:
332 1619 370 1683 de
399 1639 462 1702 quo
485 1619 654 1702 respondit
679 1616 808 1684 Servius
837 1617 1060 1683 condicionem
1083 1624 1192 1684 morta

180 1707 336 1774 defecisse
359 1707 494 1791 ideoque
517 1709 674 1772 moriente
697 1729 735 1771 eo
758 1708 860 1790 legati
884 1706 968 1771 diem
992 1707 1137 1772 cessisse.

269 1820 428 1879 Duarsnus
442 1819 517 1894 disp.
527 1819 625 1880 anniv.
638 1823 666 1895 1,
677 1821 725 1878 15.
747 1818 863 1878 Jordan
872 1818 1080 1895 Topographie
1090 1818 1129 1893 Π,
1139 1821 1192 1878 39.

268 1930 319 1995 53.
352 1928 422 1994 Gai.
438 1930 467 2012 2,
483 1929 556 1992 249.
590 1930 642 1992 An
665 1929 703 2011 ei,
726 1929 780 2011 qui
803 1929 838 1992 in
860 1931 1022 2011 potestate
1046 1929 1089 1992 sit
1113 1929 1193 2013 eius,

180 2041 276 2103 quem
301 2018 452 2081 heredem
475 2017 691 2097 instituimus,
720 2021 805 2081 recte
828 2018 986 2101 legemus,
1016 2017 1192 2100 quaeritur.

181 2105 310 2172 Servius
340 2109 427 2169 reete
460 2105 562 2188 legari
590 2109 699 2189 putat,
732 2105 787 2170 sed
820 2127 1008 2170 evanescere
1036 2107 1193 2191 legatum,

182 2195 209 2258 si
234 2216 297 2277 quo
321 2197 466 2276 tempore
490 2193 557 2257 dies
580 2192 763 2278 legatorum
783 2195 894 2259 cedere
917 2195 1008 2278 solet,
1032 2195 1136 2259 adhuc
1155 2196 1192 2258 in

180 2285 342 2367 potestate
367 2283 423 2364 sit3
455 2281 592 2365 ideoque
622 2283 688 2346 sive
713 2304 791 2366 pure
814 2284 958 2368 legatum
987 2284 1031 2348 sit
1059 2287 1092 2347 et
1116 2283 1192 2348 vivo

179 2373 336 2435 testatore
365 2370 400 2434 in
423 2373 584 2455 potestate
608 2371 735 2436 heredis
764 2393 832 2436 esse
861 2371 1004 2454 desierit,
1033 2372 1100 2435 sive
1129 2373 1191 2436 sub

181 2458 368 2524 condicione
400 2463 432 2522 et
465 2463 540 2524 ante
569 2461 788 2526 condicionem
822 2461 854 2524 id
883 2459 1048 2544 acciderit,
1081 2459 1193 2526 deberi

179 2549 333 2635 legatum.

269 2651 338 2729 Ulp.
354 2654 405 2730 24,
421 2653 475 2711 23:
498 2652 526 2710 ei
545 2653 596 2730 qui
614 2653 646 2712 in
664 2655 815 2728 potestate
834 2671 925 2711 manu
943 2651 1129 2728 mancipiove
1145 2657 1194 2713 est
1282 2661 1283 2680 ³

96 2733 98 2740 ’
181 2741 285 2816 scripti
303 2742 430 2818 heredis,
453 2741 508 2800 sub
528 2742 698 2802 condicione
717 2742 812 2818 legari
831 2743 939 2817 potest,
957 2743 993 2800 ut
1010 2742 1193 2819 requiratur,

181 2847 241 2905 quo
259 2832 393 2904 tempore
412 2831 475 2888 dies
493 2830 588 2908 legati
606 2831 694 2907 cedit,
711 2831 743 2889 in
760 2833 910 2907 potestate
926 2829 1044 2888 herodis
1063 2849 1123 2890 non
1142 2831 1192 2890 sit.

486 3007 533 3064 Dc
556 3009 643 3066 tutelo
665 3009 888 3066 testamentaria.

271 3114 322 3180 54.
346 3113 386 3178 D.
397 3113 449 3196 50,
461 3115 511 3197 16,
523 3116 595 3180 122.
629 3115 717 3179 Idem
734 3113 961 3201 (Pomponius)
976 3117 1059 3181 libro
1075 3122 1192 3184 octavo

184 3204 223 3268 ad
239 3203 392 3280 Quintum
407 3203 547 3267 Mucium
564 3203 613 3287 (P.
623 3200 728 3290 25512).
761 3201 889 3268 Servius
910 3207 965 3290 ait,
984 3206 1011 3269 si
1030 3206 1076 3269 ita
1092 3208 1192 3292 scrip-

182 3298 251 3358 tum
271 3292 325 3356 sit:
346 3291 425 3356 ‘filio
443 3293 582 3376 filiisque
601 3293 680 3356 meis
699 3293 797 3358 hosce
815 3296 939 3358 tutores
957 3293 1019 3373 do',
1039 3297 1192 3361 masculis

184 3382 353 3446 dumtaxat
375 3385 499 3446 tutores
523 3382 626 3464 datos,
649 3381 802 3465 quoniam
821 3405 841 3446 a
860 3381 1017 3470 singulari
1035 3405 1111 3448 casu
1130 3385 1192 3449 hoc

184 3468 276 3534 ‘filio'
300 3468 339 3533 ad
362 3470 529 3552 pluralem
544 3470 670 3535 videtur
692 3473 850 3536 transisse
874 3471 1093 3537 continentem
1118 3495 1195 3537 eun-

184 3559 256 3622 dem
284 3579 408 3641 sexum,
435 3580 528 3644 quem
557 3560 730 3644 singularis
755 3560 843 3645 prior
866 3562 991 3642 positus
1014 3561 1194 3627 habuisset.
