2588 3908
323 183 349 233 8.
375 177 527 233 SERVIUS
547 177 730 234 SULPICIUS
750 179 866 234 RUFUS
1038 182 1100 245 119

14 365 16 408 ;
90 347 176 406 vina
194 345 370 423 diffudisset,
388 351 489 404 tamen
508 365 606 406 omne
623 339 807 428 (savinum)
824 392 848 407 ..
864 345 1099 428 existimari'3

14 511 16 522 ᾗ
89 427 301 494 ‘habiturus
319 435 417 494 usioni
435 435 500 510 ipse
519 437 653 494 etheree
674 431 749 495 eius'
769 431 958 514 ‘reliquisset
980 457 1016 496 ex
1034 439 1100 518 qui-

89 523 147 582 bus
160 523 430 598 paterfamilias
445 523 572 584 vendere
586 525 693 584 solitus
707 521 812 602 esset'3
829 521 907 584 ‘cum
921 527 1099 602 probaretur

91 631 167 670 eum
200 613 260 688 qui
292 615 549 672 testamentum
581 613 732 673 fecisset
759 657 789 672 ..
816 616 943 674 vendere
976 617 1098 675 solitum

90 695 180 778 esse',
209 695 337 776 ‘partem
359 720 452 776 penus
476 747 519 778 ..,
547 704 581 760 ut
605 722 640 761 ex
663 721 702 762 eo
722 695 840 784 (viror)
864 749 891 762 ..
913 703 1031 780 darent,
1055 705 1097 764 sic

89 789 176 847 mihi
198 784 314 865 placet'
320 812 327 866 3
355 781 642 872 ε1111110111)
666 835 696 850 ..
720 783 905 872 11(111111’1)
930 787 1096 874 sumeret'),
1151 865 1155 871 .
1183 857 1188 870 ,

89 877 141 937 sed
169 878 260 937 etiam
287 879 319 938 in
350 897 492 953 responso
516 879 552 938 de
575 899 607 938 re
631 880 745 958 agitur,
773 883 809 938 de
834 899 894 956 qua
917 899 1013 940 sermo
1037 901 1097 940 non

89 985 152 1026 1111
181 966 321 1026 debebat:
349 985 419 1026 narn
446 968 516 1026 lana
543 969 639 1028 linum
664 988 799 1045 purpura
821 971 924 1045 legata
947 969 1095 1044 dicuntur,

88 1049 194 1132 ‘quae
213 1056 336 1115 uxoris
351 1075 460 1115 causa
477 1059 609 1132 parata
628 1052 778 1137 essent'3
796 1058 891 1118 nihilo
905 1058 1004 1117 minus
1017 1077 1096 1116 nunc
1184 1087 1185 1091 ,

86 1145 229 1222 legimus:
250 1139 287 1202 ‘si
305 1145 380 1203 nihil
399 1165 435 1204 ex
453 1164 488 1204 ea
508 1136 606 1226 (lana)
625 1145 803 1206 destinasset
818 1147 856 1205 ad
869 1165 957 1206 usum
972 1143 1095 1206 uxoris’.

176 1231 258 1303 Quae
281 1237 350 1310 post
373 1233 511 1294 Servium
535 1233 663 1294 Sabinus
687 1253 814 1311 eumque
837 1238 956 1294 secutus
980 1236 1094 1294 Paulus

86 1323 260 1396 docuerunt,
284 1341 319 1381 ea
338 1322 553 1381 Tribonianum
572 1323 603 1380 in
621 1323 700 1382 hunc
718 1323 818 1382 locum
835 1324 1093 1401 negligentissime

84 1411 275 1470 transtulisse
299 1415 431 1488 apparet.
479 1409 594 1471 Gellius
618 1413 756 1488 4,1,23
783 1412 939 1471 enimait:
972 1407 1024 1472 ‘ex
1047 1413 1094 1472 his

85 1503 188 1558 autem
207 1519 282 1576 quae
301 1500 497 1576 promercalia
520 1503 551 1558 et
568 1501 690 1558 usuaria
707 1500 802 1558 isdem
820 1501 852 1558 in
870 1501 952 1577 locis,
977 1520 1041 1561 esse
1060 1521 1095 1560 ea

85 1590 150 1648 sola
176 1589 296 1664 penoris
323 1591 413 1664 putat
440 1580 496 1670 (sc.
518 1588 668 1648 Masurius
693 1588 821 1647 Sabinus
843 1589 876 1647 in
899 1589 973 1648 iuris
997 1590 1093 1650 civilis

83 1670 243 1759 secundo),
272 1696 349 1754 qnae
377 1679 450 1736 satis
478 1678 538 1736 sint
564 1697 623 1736 usu
651 1670 774 1736 annuo'.
821 1677 1000 1737 conferenda
1023 1681 1094 1737 sunt

83 1784 161 1844 quae
188 1766 300 1825 Paulus
327 1767 405 1826 libro
434 1769 541 1842 quarto
570 1766 608 1824 ad
635 1765 778 1825 Sabinum
803 1758 854 1847 (D.
874 1767 929 1838 33,
950 1769 982 1839 9,
1002 1763 1036 1844 4,
1057 1761 1091 1847 2)

83 1854 200 1914 scribit:
238 1848 280 1914 ‘si
317 1855 383 1932 quis
420 1855 526 1914 solitus
564 1855 679 1914 fructus
717 1873 786 1914 snos
823 1854 950 1915 vendere
982 1873 1093 1929 penum

81 1943 244 2022 legaverit,
275 1961 334 2002 non
368 1944 467 2002 omnia
499 1962 576 2020 quae
607 1946 639 2002 11
669 1943 827 2020 promercii
857 1961 948 2002 causa
976 1943 1092 2022 habuit,

80 2033 200 2110 legasse
227 2031 359 2110 videtur,
388 2033 440 2092 sed
467 2051 503 2090 ea
530 2033 606 2106 sola,
634 2052 709 2110 quae
736 2034 768 2091 in
794 2051 903 2109 penum
926 2033 984 2092 sibi
1008 2050 1092 2108 sepa·

81 2123 179 2181 rabat.
226 2121 306 2198 quod
329 2122 354 2180 si
376 2121 543 2196 promiscue
566 2121 613 2180 nti
635 2122 764 2198 solebat,
789 2126 862 2181 tunc
885 2125 1030 2196 quantum
1053 2121 1091 2181 ad

82 2229 217 2268 annuum
239 2229 328 2269 nsum
351 2213 412 2270 1111
435 2209 593 2286 sufficeret,
683 2210 782 2286 legato
807 2211 899 2288 cedet,
922 2211 1001 2287 quod
1019 2211 1091 2285 fere,

79 2298 181 2375 inquit
203 2297 345 2372 Sabinus,
373 2299 472 2359 evenit
498 2299 529 2357 in
556 2297 691 2374 personis
718 2303 917 2359 mercatorum
942 2302 996 2358 aut
1019 2319 1090 2376 quo·

79 2388 160 2447 tiens
185 2387 260 2446 cella
283 2391 329 2447 est
352 2387 410 2446 olei
433 2387 553 2466 etvini,
576 2406 651 2464 quae
669 2387 770 2446 venire
789 2388 933 2463 solebant,
955 2389 987 2445 in
1004 2389 1090 2446 here·

79 2476 178 2535 ditate
201 2470 325 2535 relicta'.
368 2495 434 2534 eum
459 2477 537 2536 enim
559 2495 653 2552 penus
673 2470 765 2534 ‘intus
785 2479 816 2534 11
833 2471 965 2552 penitus’
984 2494 1088 2534 recon-

79 2566 203 2624 deretur
222 2558 311 2642 (Gell.
331 2567 360 2642 4,
377 2559 486 2643 1,17),
510 2565 601 2624 ceteri
618 2564 733 2622 fructus
753 2565 804 2645 qui
822 2563 923 2623 venire
943 2563 1088 2640 solebant,

77 2654 110 2713 in
139 2654 208 2713 aliis
234 2654 308 2713 locis
331 2653 540 2727 servabantur,
568 2653 681 2712 scilicet
703 2653 734 2711 in
757 2651 840 2711 cellis
864 2653 912 2711 vel
935 2651 1088 2726 apothecis

76 2744 126 2802 vel
150 2742 274 2802 horreis.
776 2787 785 2808 ,

168 2831 277 2907 Itaque
295 2849 371 2908 qnae
391 2830 513 2892 Servius
533 2832 589 2889 hac
608 2829 644 2889 de
662 2849 695 2888 re
713 2829 908 2905 responderit,
931 2829 1087 2888 nescimus.

76 2922 210 2980 fortasse
225 2920 260 2978 de
275 2918 433 2997 generibus
448 2921 534 2978 lanae
549 2920 696 2979 disserens
707 2909 861 3000 (11111111
871 2913 949 2977 ‘cum
959 2919 1088 2978 multam

75 3010 179 3070 lanam
204 3011 235 3067 et
258 3009 370 3068 omnis
393 3009 511 3084 generis
534 3003 720 3085 reliquisset'
744 3013 775 3066 et
797 3008 831 3066 D.
853 3009 904 3085 34,
919 3009 982 3085 2,4
1007 3002 1087 3066 ‘oum

74 3142 104 3158 ..
125 3099 214 3158 uxori
234 3116 305 3156 suae
324 3098 424 3156 lanam
441 3116 624 3174 pnrpuream
642 3087 798 3177 legasset’)
812 3096 949 3156 Italicam
965 3099 1087 3156 tautum

73 3188 187 3264 lanam,
210 3205 271 3246 non
288 3185 420 3246 Atticam
443 3187 491 3246 vel
510 3183 658 3244 Milesiam
680 3185 729 3244 vel
747 3185 937 3260 Bithynicam
958 3185 1085 3244 aliamve

73 3276 270 3354 peregrinam
291 3277 409 3350 penoris
432 3293 495 3334 esse
519 3293 587 3334 curn
610 3274 643 3344 Q.
666 3274 765 3332 Mucio
789 3273 906 3333 statuit.
946 3273 982 3332 cf.
1005 3273 1084 3330 Mar-

73 3360 188 3442 quardt
212 3363 405 3425 Privatleben
422 3363 454 3422 Π
471 3385 500 3440 p.
516 3366 577 3424 411
590 3381 661 3440 sqq,
684 3362 737 3421 ubi
754 3363 828 3420 haec
846 3361 987 3438 legimus:
1012 3359 1084 3437 „Die

71 3453 339 3530 Wollproduction
365 3455 406 3512 ist
432 3453 538 3511 immer
566 3453 615 3510 ein
636 3451 816 3528 Haupttheil
844 3452 896 3508 der
918 3450 1085 3508 romischen

69 3541 353 3603 Landwirthschaft
379 3559 516 3618 genesen
640 3540 728 3600 Treta
755 3539 850 3596 dieser
877 3536 1084 3596 bedenteuden

818 3636 872 3690 12*
