2602 3912
296 186 321 236 5.
345 180 375 235 L.
390 179 547 237 LlClNlUS
566 182 641 238 Ι1.Ρ.
658 182 686 238 C.
700 183 735 239 N.
750 182 917 241 CRASSUS.
1068 185 1109 249 47

94 366 217 408 exorsus
235 351 284 408 est
303 395 309 407 .
325 392 353 408 ..
373 349 429 408 hoc
443 349 573 410 voluisse
588 369 664 427 eum,
684 351 736 428 qni
749 353 964 412 testamentum
978 353 1107 432 fecisset,

13 515 14 520 η
93 439 150 497 4144
173 437 317 516 sensisse,
341 457 460 515 quoquo
483 439 571 498 modo
595 439 674 500 filius
697 459 757 500 non
781 443 868 518 esset,
892 441 943 516 qni
966 441 998 500 in
1021 461 1108 502 suam

94 527 226 586 tutelam
244 527 371 601 veniret,
395 527 457 588 sive
476 546 536 588 non
555 531 645 588 natus
665 529 727 588 sive
746 532 815 588 ante
834 533 981 603 mortuus,
1002 529 1109 592 Curius

13 617 14 664 l
94 615 183 674 heres
215 615 252 674 114
284 617 376 694 esset,
408 616 453 676 ita
485 617 612 676 scribere
644 617 802 694 plerosque
835 621 866 676 et
893 618 925 677 id
952 620 1052 678 valere
1079 624 1110 680 et

13 729 15 788 3
93 704 229 764 valuisse
250 723 430 780 semper
450 704 555 764 deinde
575 724 704 783 aequum
722 707 843 786 bonum,
862 709 1109 767 testamentorum

13 813 14 868 j
94 793 262 853 sententias
299 793 531 871 voluntatesque
568 797 687 854 tutatus
725 798 784 873 est,
821 795 935 872 quanta
968 800 1047 856 esset
1077 797 1109 856 in

93 882 198 944 verbis
222 882 331 958 captio,
354 903 447 960 quum
470 883 501 941 in
525 883 632 942 ceteris
655 884 753 962 rebus,
776 887 842 943 tum
860 885 891 942 in
910 886 1108 964 testamentis,

94 971 120 1031 si
141 971 373 1048 negligerentur
391 972 570 1046 voluntates,
595 975 741 1048 quantum
760 973 817 1032 sibi
834 973 1001 1048 potentiam
1021 973 1107 1034 Scae-

93 1060 165 1120 vola
184 1063 362 1138 assumeret,
381 1061 406 1119 si
424 1079 511 1120 nemo
526 1061 650 1120 auderet
663 1065 878 1121 testamentum
891 1062 989 1122 faeere
1002 1066 1108 1138 postea

93 1149 153 1208 nisi
182 1148 220 1208 de
248 1147 332 1208 illius
359 1143 528 1209 sententia?
575 1150 647 1225 Top.
670 1153 717 1224 10,
734 1153 776 1210 44
801 1145 853 1209 ‘ex
877 1151 980 1210 eodem
1004 1151 1107 1211 simili·

13 1265 14 1268 ¹
93 1237 210 1297 tudinis
225 1237 291 1296 loco
306 1237 396 1296 etiam
412 1238 548 1315 exempla
562 1242 731 1315 sumuntur,
746 1242 781 1298 ut
795 1237 921 1300 Crassus
935 1241 967 1298 in
977 1238 1109 1301 Curiana

96 1345 189 1392 causa
212 1327 356 1402 exemplis
380 1327 517 1402 plurimis
540 1345 613 1386 usus
633 1331 687 1405 est,
711 1346 802 1406 agens
822 1329 858 1387 de
878 1348 921 1407 eo,
946 1329 998 1406 qui
1016 1332 1108 1389 testa·

95 1418 198 1475 mento
227 1414 270 1475 sic
297 1415 438 1475 heredem
464 1416 659 1494 instituisset,
689 1420 724 1476 ut
752 1417 778 1476 si
804 1417 883 1476 filius
910 1421 1000 1477 natus
1029 1422 1108 1478 esset

91 1503 126 1564 in
154 1505 257 1564 decem
285 1503 437 1565 mensibus
464 1505 549 1581 isque
577 1509 715 1564 mortuus
742 1505 828 1582 prius
853 1525 944 1581 quam
966 1507 998 1564 in
1021 1526 1107 1566 suam

13 1599 14 1638 f
95 1593 226 1653 tutelam
253 1593 397 1673 venisset,
426 1593 573 1654 secundus
601 1595 686 1653 heres
714 1594 911 1653 hereditatem
937 1590 1105 1655 obtineret?

184 1805 320 1866 Licinius
344 1804 469 1866 Crassus
497 1805 592 1865 eidem
617 1803 753 1864 Ciceroni
780 1804 816 1864 de
840 1810 914 1866 orat.
933 1807 972 1886 II,
989 1811 1049 1868 141
1063 1828 1105 1886 sq.

97 1895 121 1955 si
149 1895 313 1968 credimus,
342 1895 377 1954 de
406 1895 472 1954 iure
501 1894 583 1954 civili
609 1893 640 1952 in
668 1896 764 1954 artem
791 1894 953 1972 redigendo
976 1898 1107 1958 scribere

96 1984 152 2044 sibi
189 1987 398 2060 proposuerat.
454 1977 611 2059 ‘Perpetui
648 1983 721 2042 iuris
759 1985 790 2043 et
823 1985 956 2046 universi
988 1987 1106 2064 generis

96 2073 233 2150 quaestio
261 2092 321 2132 non
348 2071 502 2132 hominum
528 2071 663 2148 nomina,
691 2072 743 2131 sed
765 2073 913 2135 rationem
936 2075 1053 2136 dicendi
1076 2079 1107 2136 44

95 2164 343 2240 argumentorum
374 2161 472 2220 fontes
505 2160 667 2234 desiderat,
699 2161 730 2219 in
763 2181 821 2238 quo
854 2164 944 2222 etiam
971 2165 1024 2224 isti
1051 2185 1105 2226 nos

93 2249 170 2311 iuris
195 2249 326 2310 consulti
348 2249 517 2326 impediunt
540 2268 558 2308 a
581 2248 778 2326 discendoque
802 2250 1029 2313 deterrent
1054 2255 1105 2315 sed

94 2340 168 2400 haec
197 2337 323 2399 Crassus
442 2337 602 2416 aliquando
633 2338 719 2397 nobis
753 2339 889 2415 expediet
919 2345 951 2400 et
978 2347 1106 2418 exponet

94 2428 248 2504 descripta
270 2426 446 2505 generatim.
488 2429 534 2487 est
552 2427 630 2486 enim
650 2471 701 2486 ...
720 2427 785 2486 heri
803 2429 888 2489 nobis
906 2431 957 2488 ille
977 2432 1033 2492 hoc
1052 2480 1058 2492 .
1075 2477 1104 2492 ..

94 2517 259 2594 pollicitus,
284 2535 315 2576 se
333 2516 380 2576 ius
404 2517 499 2594 civile,
519 2515 598 2592 quod
615 2534 695 2575 nunc
714 2515 855 2576 diffissum
876 2520 906 2576 et
925 2519 1105 2595 dissipatum

93 2610 153 2686 est,
192 2605 225 2664 in
261 2609 344 2666 44144
375 2624 487 2682 genera
519 2607 692 2664 coacturum
723 2607 755 2664 et
786 2606 824 2664 ad
856 2609 954 2665 artem
985 2608 1103 2668 facilem

93 2687 309 2754 redacturum?
355 2695 392 2754 el.
416 2697 490 2754 orat.
512 2693 625 2771 1‚190
653 2685 691 2752 ‘si
719 2693 798 2752 enim
825 2698 879 2753 aut
905 2695 979 2754 mihi
1006 2695 1104 2756 facere

93 2783 223 2861 licuerit,
247 2782 409 2860 quodiam
433 2783 486 2842 diu
508 2783 617 2858 cogito,
641 2784 695 2841 aut
717 2781 794 2841 alius
818 2783 967 2860 quispiam
985 2788 1104 2846 41141114

93 2871 240 2949 impedito
263 2872 417 2948 occuparit
440 2874 494 2932 444
516 2873 634 2932 14414114
654 2871 794 2948 effecerit,
816 2876 852 2931 ut
869 2872 1000 2948 primum
1018 2894 1104 2935 omne

93 2962 140 3022 ius
167 2961 256 3022 civile
278 2961 310 3020 in
333 2980 443 3039 genera
465 2960 595 3039 digerat,
619 2979 695 3036 quae
717 2978 868 3036 perpauca
890 2965 973 3040 sunt,
997 2963 1103 3024 deinde

94 3069 198 3111 eorum
226 3068 371 3128 generum
398 3049 483 3128 quasi
511 3049 657 3127 quaedam
683 3049 817 3110 membra
844 3049 1014 3130 dispertiat,
1037 3056 1104 3112 tum

94 3139 249 3217 propriam
286 3139 429 3216 cuiusque
460 3138 522 3199 vim
554 3137 726 3198 definitione
759 3138 902 3218 declaret,
938 3142 1103 3216 perfectam

93 3233 190 3290 artem
207 3221 284 3288 iuris
303 3227 400 3288 civilis
419 3227 576 3304 habebitis,
594 3225 691 3303 magis
709 3245 852 3304 magnum
871 3231 961 3306 atque
980 3230 1103 3290 uberem

94 3337 185 3396 qnam
208 3315 363 3376 difficilem
385 3319 416 3376 et
439 3309 616 3377 obscuram?

16 3409 17 3416 ’
180 3406 226 3466 At
249 3404 352 3466 Cicero
379 3406 459 3482 quod
485 3405 549 3482 ipse
578 3404 635 3464 sibi
656 3404 827 3482 proposuit,
855 3404 960 3466 Crasso
983 3406 1103 3466 videtur

92 3495 278 3559 attribuisse.
324 3494 599 3557 Teuffel-Schwabe
622 3490 642 3570 ἓ
663 3494 735 3570 154,
750 3494 778 3551 4.

519 3651 678 3661 ...ιο-ῳ-
