2588 3908
340 199 364 248 8.
391 193 543 250 scamus
563 193 745 250 SULPICIUS
764 195 882 250 RUFUS
1049 195 1114 259 207

107 355 316 439 respondisse
340 357 487 421 Aufidius
515 357 626 439 refert,
655 359 682 422 si
706 357 785 423 socii
808 358 965 423 bonorum
987 358 1117 440 fuerint,

108 443 225 508 deinde
247 466 340 528 unua,
364 467 435 510 cum
459 446 677 511 ad'iudioium
695 469 766 512 ‘non
787 447 922 528 adesset,
945 446 1116 511 damnatus

106 533 160 617 sit,
183 555 250 598 non
273 533 389 600 debere
413 557 487 599 eum
511 535 550 600 de
573 537 735 600 communi
754 536 787 601 id
805 536 970 619 consequi3
994 535 1115 600 sivero

104 643 260 706 praesens
297 621 449 688 iniuriam
484 624 598 689 iudicia
634 646 750 707 passus
788 625 843 706 sit,
880 625 918 688 de
955 625 1117 689 communi

101 710 317 776 sarciendam.

197 801 270 866 128.
300 799 338 864 D.
360 802 410 885 17,
429 801 458 885 2,
478 802 517 865 71
531 823 577 884 pr.
619 801 709 865 Idem
733 799 882 886 (Paulus)
907 801 991 866 libro
1014 803 1113 866 tertio

106 889 323 972 epitomarum
337 888 447 954 Alfeni
462 889 669 975 Digestorum
685 887 734 978 (P.
744 889 812 975 51).
841 890 912 955 Duo
928 891 1115 955 societatem

106 978 261 1061 coierunt,
280 981 317 1042 ut
335 981 579 1063 grammaticam
600 978 751 1044 docerent
770 985 802 1043 et
821 979 906 1064 quod
926 1001 963 1044 ex
983 1001 1021 1044 eo
1039 979 1115 1042 arti-

107 1067 180 1132 ficio
200 1070 351 1150 quaestus
366 1067 526 1146 fecissent,
544 1089 713 1132 commune
729 1090 838 1133 eorum
853 1071 947 1133 esset.
976 1067 1014 1131 de
1030 1089 1066 1132 ea
1081 1089 1115 1131 re

107 1177 190 1240 quae
213 1157 383 1222 voluerunt
405 1157 475 1222 fieri
496 1155 532 1222 in
554 1159 651 1242 pacto
675 1160 832 1225 convento
857 1156 1020 1224 societatis
1043 1177 1114 1240 pro·

106 1245 320 1328 scripserunt,
344 1244 456 1310 deiude
479 1244 566 1310 inter
589 1267 624 1310 se
647 1245 698 1310 his
720 1246 828 1312 uerbis
852 1247 1002 1331 stipulati
1025 1249 1115 1312 sunt:

106 1333 199 1399 ‘haec
223 1354 304 1417 quae
328 1356 426 1417 supra
450 1335 569 1415 scripta
592 1339 677 1416 sunt,
699 1356 738 1399 ea
760 1335 808 1400 ita
832 1335 902 1400 dari
924 1336 994 1400 fieri
1013 1355 1115 1418 neque

107 1422 261 1487 adversus
293 1444 331 1488 ea
362 1423 455 1488 fieri?
506 1425 532 1486 si
567 1445 605 1488 ea
631 1424 678 1488 ita
705 1424 782 1488 data
811 1423 897 1490 facta
923 1429 1115 1504 nonerunt,

105 1515 177 1578 tum
200 1511 317 1596 viginti
341 1511 431 1576 milia
455 1511 562 1576 daril'
608 1513 787 1595 quaesitum
813 1518 875 1595 est,
903 1535 959 1595 an,
986 1511 1115 1596 siquid

105 1603 222 1666 contra
254 1598 374 1666 factum
409 1606 510 1684 esset,
547 1601 712 1668 societatis
743 1600 870 1666 actione
908 1603 962 1685 agi
994 1604 1113 1684 posset.

105 1688 281 1772 respondit,
300 1689 328 1754 si
347 1689 474 1774 quidem
493 1693 589 1773 pacto
608 1693 767 1754 convento
787 1691 872 1754 inter
890 1711 944 1753 eos
962 1690 1000 1754 de
1017 1690 1113 1756 socie-

104 1782 175 1842 tate
198 1778 285 1842 facto
304 1779 351 1842 ita
371 1779 518 1862 stipulati
537 1784 646 1843 essent
669 1778 760 1844 ‘haec
778 1779 826 1842 ita
844 1778 914 1843 dari
932 1779 1001 1842 fieri
1019 1799 1114 1860 apon-

105 1865 213 1948 desl',
240 1865 384 1932 futurum
407 1867 519 1952 fuisse,
546 1869 612 1952 ut[,
634 1867 661 1932 si
679 1867 870 1932 novationis
894 1888 991 1932 causa
1013 1867 1046 1930 id
1069 1866 1114 1930 fe·

105 1956 249 2039 cissent]
287 1978 346 2040 pro
379 1955 467 2021 socio
497 1957 550 2040 agi
577 1978 642 2020 non
670 1952 791 2040 possit,
820 1956 875 2020 sed
903 1959 974 2020 tota
1001 1977 1052 2019 res
1079 1955 1114 2019 in

106 2045 350 2129 stipulationem
378 2044 539 2108 translata
566 2045 737 2110 videretur.
783 2045 838 2108 sed
867 2045 1020 2130 quoniam
1047 2065 1113 2108 non

103 2135 153 2198 ita
181 2137 289 2198 essent
317 2133 464 2217 stipulati
492 2133 546 2197 ‘ea
575 2135 623 2198 ita
650 2134 719 2198 deri
741 2134 811 2198 fieri
835 2131 1012 2216 spondee‘l'
1059 2133 1115 2196 sed

109 2221 149 2286 ‘si
174 2243 212 2286 ea
234 2222 281 2286 ita
304 2221 391 2286 facta
413 2244 479 2288 non
503 2226 618 2303 essent,
641 2222 751 2288 decem
775 2222 893 2305 daril’,
924 2244 991 2287 non
1013 2222 1114 2286 videri

105 2311 171 2378 sibi
197 2333 265 2376 rem
295 2312 330 2376 in
358 2310 602 2394 stipulationem
633 2312 830 2396 pervenisse,
862 2311 917 2376 sed
946 2311 1115 2376 dumtaxat

106 2421 247 2484 poenam
262 2398 339 2484 (non
362 2403 448 2463 enim
467 2401 633 2484 utriusque
651 2401 697 2464 rei
716 2401 946 2483 promissorem
965 2401 1115 2484 obligari,

105 2494 142 2554 ut
161 2511 199 2552 ea
217 2489 309 2553 daret
323 2488 443 2554 faceret
461 2494 502 2574 et,
521 2489 627 2554 sinon
641 2488 780 2573 fecisset,
799 2511 936 2572 poenam
951 2485 1112 2574 sufferret)

105 2583 139 2643 et
163 2577 234 2641 ideo
258 2577 421 2643 societatis
445 2578 563 2641 iudicio
587 2579 641 2660 agi
664 2598 768 2660 posse.

194 2679 295 2740 Verba
320 2680 405 2739 uncis
432 2679 549 2738 inclusa
574 2699 592 2738 a
615 2679 797 2739 Triboniano
820 2679 924 2737 addita
947 2697 1010 2738 esse
1033 2682 1114 2739 recte

104 2769 183 2829 vidit
204 2769 398 2848 Pergaments
422 2767 729 2829 Conventionalstrafe
753 2768 782 2828 S.
802 2770 853 2828 87.
945 2779 947 2784 “

199 2863 269 2928 129.
298 2861 380 2926 Ibid.
399 2863 418 2942 ᾗ
439 2861 457 2925 1
483 2859 531 2946 (P.
550 2860 617 2944 51).
654 2859 726 2924 Duo
748 2860 907 2946 colliberti
927 2860 1114 2925 societatem

106 2953 254 3018 coierunt
271 2951 352 3016 lucri
371 2955 523 3034 quaestus
542 2949 731 3034 compendii,
749 2947 863 3034 p'ostea
879 2971 961 3014 unus
976 2970 1014 3014 ex
1028 2949 1079 3014 his
1095 2973 1115 3014 a

104 3044 245 3126 patrono
266 3039 359 3103 heres
378 3039 548 3103 institutus
568 3043 625 3122 eet,
650 3039 743 3102 elteri
763 3039 905 3124 legatum
925 3037 1035 3103 datum
1055 3049 1113 3103 est.

104 3135 257 3194 neutrum
285 3129 400 3193 horum
428 3131 462 3191 in
491 3127 630 3191 medium
658 3127 776 3191 referre
801 3129 914 3192 debere
937 3129 1113 3212 respondit.

502 3275 549 3333 De
571 3277 716 3335 mandata.

197 3377 270 3443 130.
295 3375 365 3443 Gai.
383 3377 414 3454 3,
434 3376 506 3441 156.
613 3377 640 3440 si
663 3381 720 3440 tua
743 3377 850 3460 gratia
873 3376 934 3439 tibi
957 3376 1115 3458 mandem,

106 3488 339 3551 supervacuum
363 3471 413 3531 est
435 3464 622 3529 mandatum
720 3465 828 3550 itaque
852 3465 879 3528 si
903 3463 1044 3528 otiosum
1063 3485 1115 3546 pe-

9 3569 10 3572 ’
105 3557 236 3620 cuniam
265 3555 352 3620 domi
379 3559 412 3619 te
439 3554 613 3618 habentem
642 3555 791 3618 hortatus
819 3553 949 3635 luerim,
981 3556 1019 3616 ut
1042 3574 1113 3617 eam
