2598 3910
195 197 262 263 292
290 197 363 254 VIII.
378 196 514 254 OCTAVI
528 196 625 254 SAEC.
636 197 732 254 IURIS
746 198 917 256 consum.
929 198 1052 256 suffles
1068 199 1208 255 TERTIA

286 366 357 425 Alia
380 369 460 426 certe
485 385 543 426 non
561 367 749 444 conveniunt,
771 368 907 444 inprimis
925 368 1083 444 emptionis
1103 369 1208 429 vendi-

170 500 172 506 ,
197 455 287 515 tionis
311 458 341 514 et
364 455 515 514 societatis
539 455 632 516 sedes.
669 475 741 532 quas
765 473 812 515 res
836 457 915 534 quod
933 456 1112 517 Severorum
1130 460 1209 518 tcm-

197 545 279 620 poris
301 543 376 604 iuris
394 544 548 605 consultus
567 545 626 603 1111
645 545 748 604 ordine
768 546 926 605 constituit
943 546 1052 604 mirum
1070 551 1208 606 nonest.

198 633 250 692 sed
277 633 308 691 in
335 633 528 692 restituendis
551 633 652 692 Alfeni
678 633 762 692 libris
786 634 877 693 Mucii
900 634 1047 694 librorum
1070 635 1209 695 ordinem

198 722 283 799 sequi
304 741 364 781 non
387 740 405 780 1
427 741 459 780 rc
484 721 614 780 alienum
637 722 769 796 videtur,
794 723 912 800 singula
934 723 1050 783 incerta
1072 727 1152 784 sunt.

625 960 733 1020 Liber
754 960 780 1021 I.

576 1086 623 1144 De
644 1088 825 1146 testamentis.

289 1206 316 1269 1.
344 1203 383 1269 D.
398 1203 456 1287 28,
472 1205 504 1286 1,
519 1202 570 1268 25.
606 1201 778 1268 Iavolenus
802 1204 885 1268 libro
909 1203 1023 1288 quinto
1047 1205 1207 1289 posterio-

197 1315 270 1358 rum
284 1291 446 1357 Labeonis
465 1289 516 1378 (P.
530 1288 619 1378 216).
656 1289 691 1356 Si
709 1293 747 1376 is,
763 1293 818 1376 qui
831 1296 1061 1357 testamentum
1075 1293 1207 1376 iaceret,

198 1381 369 1446 heredibus
393 1381 505 1464 primis
528 1381 738 1464 nuncupatis,
761 1381 947 1466 priusquam
971 1381 1206 1446 1111111111-

197 1471 351 1554 primeret
380 1469 528 1554 heredes,
558 1470 787 1548 obmutuisset,
821 1471 927 1551 magis
957 1470 1103 1554 coepisse
1133 1493 1207 1536 eum

197 1562 428 1623 testamentum
459 1557 564 1622 facere
598 1581 694 1642 quarn
721 1558 835 1624 fecisse
861 1557 968 1622 Varus
995 1557 1206 1644 Digestorum

198 1649 281 1712 libro
309 1649 413 1732 primo
438 1645 585 1712 Servium
608 1647 813 1730 respondisse
837 1647 978 1730 scripsit:
1006 1648 1117 1732 itaque
1141 1649 1206 1734 pri·

199 1759 270 1802 mos
293 1737 425 1801 heredes
448 1759 487 1800 cx
511 1757 548 1800 eo
572 1739 766 1800 testamento
789 1755 855 1799 non
878 1735 1012 1800 futuros.

275 1858 322 1918 cf.
347 1857 445 1918 Servii
466 1874 609 1933 response
633 1859 661 1915 1.

287 1955 393 2014 Eidem
424 1955 502 2014 libro
533 1953 732 2013 adtribuenda
759 1953 898 2014 videntur
930 1954 1101 2030 fragmenta
1129 1973 1207 2030 quse
1280 1993 1282 2034 t

199 2044 320 2106 subieci.

288 2164 317 2226 2.
349 2160 388 2224 D.
407 2162 463 2244 28,
482 2159 516 2244 5,
534 2161 586 2225 46.
631 2159 720 2224 Idem
752 2158 916 2247 (Alfenus)
948 2159 1031 2225 libro
1064 2163 1206 2228 secundo

199 2249 406 2335 Digestorum
426 2272 445 2312 1
464 2249 565 2313 Ρ1111
585 2250 835 2332 epitomatorum
854 2245 903 2336 (P.
918 2245 985 2333 34).
1017 2247 1064 2313 ‘si
1078 2248 1208 2316 Mnevis

200 2343 300 2403 mater
318 2359 390 2402 111
408 2342 441 2402 11
455 2336 568 2402 Fulvia
586 2338 654 2402 filia
672 2359 743 2402 mea
761 2338 880 2422 vivent,
898 2341 968 2402 tum
987 2337 1066 2402 mihi
1085 2337 1206 2404 Lucius

1280 1823 1283 1982 t

201 2427 305 2492 Titius
323 2427 416 2492 heres
435 2425 526 2492 esto'.
559 2424 687 2492 Servius
706 2427 882 2510 respondit,
901 2429 929 2491 si
948 2429 1087 2491 testator
1103 2429 1207 2493 filiam
1280 2435 1281 2520 ,

199 2538 375 2601 numquam
397 2515 555 2598 habuerit,
578 2519 682 2580 mater
705 2519 813 2580 autem
834 2515 1073 2599 supervixisset,
1095 2520 1209 2582 tamen

199 2606 321 2671 Titium
352 2605 503 2670 heredem
534 2605 617 2690 fore,
649 2604 725 2690 quia
751 2604 797 2686 id,
829 2603 914 2689 quod
941 2604 1145 2686 impossibile
1174 2607 1208 2670 in
1280 2611 1281 2670 t

98 2753 101 2762 .
200 2699 395 2761 testamento
418 2695 572 2778 scriptum
597 2701 694 2778 esset,
717 2693 842 2758 nullam
865 2692 930 2757 vim
953 2692 1097 2759 haberet.

288 2816 325 2875 cf.
348 2814 445 2876 Servii
467 2833 609 2890 responsu
632 2817 661 2874 3.
695 2873 697 2877 .

289 2933 319 2996 3.
341 2932 380 2996 D.
394 2933 447 3015 28,
461 2932 491 3014 5,
505 2932 557 2996 45.
591 2931 728 2996 Alienus
751 2932 835 2997 libro
859 2931 972 3016 quinto
995 2929 1206 3016 Digestorum

200 3019 249 3106 (P.
271 3017 336 3105 19).
380 3019 478 3084 Pater
504 3020 644 3084 familias
672 3023 866 3085 testamento
894 3020 974 3086 duos
1000 3019 1136 3086 heredes
1159 3021 1206 3086 iu·

201 3109 357 3174 stituerat.
402 3129 456 3172 eos
480 3111 721 3172 monumentum
744 3109 850 3174 facere
872 3108 1012 3173 iusserat
1033 3109 1067 3172 in
1091 3109 1205 3174 dicbus

200 3198 305 3262 certis.
339 3196 452 3260 deinde
470 3197 518 3261 ita
532 3197 715 3280 scripserat:
734 3196 926 3282 ε11111111
944 3219 1009 3263 non
1023 3197 1070 3260 111
1083 3197 1205 3277 fecerit,

200 3307 311 3352 omnes
353 3285 525 3350 exheredes
567 3285 685 3352 sunto'.
744 3287 825 3350 alter
864 3287 955 3350 heres
992 3285 1204 3351 hereditatem

200 3374 474 3460 praetermiserat,
506 3373 646 3457 reliquus
674 3375 767 3439 heres
797 3374 998 3458 consulebat,
1028 3396 1101 3438 cum
1133 3376 1203 3458 ipsc

97 3472 100 3478 '
201 3467 442 3528 monumentum
466 3461 684 3547 exstruxisset,
706 3463 861 3546 numquid
882 3463 988 3526 minus
1006 3462 1099 3528 heres
1118 3467 1204 3528 esset

201 3551 242 3613 ob
262 3572 333 3614 eam
352 3573 430 3636 rem,
444 3551 529 3635 quod
544 3551 674 3616 coheres
689 3552 757 3616 eius
770 3550 981 3616 hereditatem
995 3571 1061 3615 non
1075 3550 1205 3618 adisset
