2598 3910
300 204 303 210 .
345 205 348 212 .
411 165 435 214 1.
459 160 488 215 P.
504 157 669 248 ALFENUS
689 159 810 215 VARUS
1050 159 1115 225 309

102 328 177 387 aber
199 329 241 387 ist
264 327 317 388 das
337 327 419 388 Citat
440 348 581 406 ungenau
599 329 672 388 oder
690 347 721 387 es
741 329 816 406 liegt
835 327 885 388 ain
904 327 1116 400 Absehreiber-

101 418 252 477 versehen
275 413 355 478 vor.“
399 418 492 476 Lenel
514 419 534 478 l.
553 419 572 478 l.
596 438 624 478 n.
641 419 691 476 14.

104 523 107 528 ’
193 526 246 593 53.
277 526 316 592 D.
339 527 416 594 ibid
445 525 633 613 orffa,
654 527 697 610 1).
743 523 824 590 Oum
852 527 1006 611 parietem
1031 547 1114 590 oom-

102 637 236 680 munem
264 615 433 680 aedificare
461 617 533 700 quis
563 639 634 682 cum
664 615 768 680 vicino
792 614 903 698 vellet,
928 615 1116 700 priusquam

102 707 246 768 veterem
279 704 482 790 demolireut,
515 705 626 770 damni
655 703 767 768 infecti
795 704 899 769 vicino
929 703 1116 787 repromisit

103 793 248 877 adeoque
276 791 307 878 (?
336 793 377 857 ab
402 790 539 880 eoquat)
563 793 773 878 restipulatus
800 795 858 857 est.
902 798 1115 880 posteaquam

101 882 210 966 paries
240 881 384 946 sublatus
413 886 498 947 esset
526 885 559 947 et
585 883 785 946 habitatores
815 903 854 945 ex
880 881 994 946 vicinis
1023 903 1115 946 eena-

103 971 186 1035 culis
206 971 430 1055 emigrassent,
448 971 573 1036 vicinus
593 971 633 1036 ab
653 992 690 1035 eo
705 969 894 1054 mercedem,
914 992 1010 1054 quam
1023 969 1116 1034 habi·

102 1062 229 1124 tatores
252 1081 318 1123 non
340 1059 516 1143 redderent,
539 1065 648 1144 petere
671 1060 750 1124 vult.
788 1060 968 1142 quaesitum
992 1063 1050 1142 est,
1073 1081 1116 1122 au

102 1153 190 1212 recte
213 1148 306 1230 petit.
351 1150 518 1234 respondit
541 1171 605 1214 non
630 1145 812 1232 oportuisse
835 1169 904 1232 eos,
933 1170 1004 1212 cum
1029 1169 1114 1212 eom·

103 1257 235 1301 munem
266 1235 420 1319 parietem
453 1237 673 1322 aedificarent,
701 1237 786 1300 inter
821 1259 855 1302 sc
892 1235 1115 1321 repromittere

103 1347 209 1408 neque
232 1326 299 1390 ullo
323 1326 417 1390 modo
442 1327 579 1391 alteram
603 1327 644 1390 ab
665 1326 860 1410 altero'cogi
877 1325 1037 1410 potuisse,
1060 1325 1116 1390 sed

104 1415 134 1478 si
158 1415 297 1478 maxime
316 1414 619 1504 [repromitterent],
642 1418 752 1479 tamen
776 1436 840 1479 non
860 1415 997 1498 amplius
1017 1436 1115 1498 quam
1137 1463 1140 1469 ,

102 1502 208 1587 partis
232 1503 392 1587 dimidiae,
415 1525 476 1584 quo
500 1503 639 1586 amplius
660 1524 700 1566 ne
719 1504 861 1568 extrario
881 1503 1011 1586 quidem
1030 1504 1114 1586 quis·
1143 1575 1146 1582 ¹

104 1613 212 1676 qnam,
235 1613 307 1656 cum
330 1592 486 1676 parietem
510 1613 712 1657 communem
731 1591 923 1675 aedificaret,
946 1592 1115 1674 repromit-

102 1683 173 1745 tere
201 1680 341 1744 deberet.
395 1681 465 1762 [sed
493 1681 645 1766 quoniam
673 1679 738 1744 iam
766 1681 800 1744 in
827 1685 934 1744 totum
961 1681 1115 1764 repromi-

104 1769 239 1851 sissent,
271 1789 378 1852 omne,
410 1770 495 1854 quod
528 1769 713 1834 detrimenti
746 1791 784 1834 ex
817 1768 962 1834 mercede
990 1769 1114 1833 vicinus

102 1857 248 1939 fecisset,
271 1861 533 1941 praestaturum]

194 1970 230 2028 ef.
255 1968 351 2029 Servii
373 1987 517 2045 responsa
541 1972 592 2030 84.

194 2078 246 2144 54.
274 2077 312 2142 D.
331 2079 407 2145 ibid.
425 2081 445 2159 ξ
465 2080 485 2144 2
509 2078 558 2166 (P.
577 2079 608 2158 5,
623 2077 666 2166 2).
706 2078 797 2145 Idem
821 2079 1021 2164 consulebat,
1043 2100 1117 2161 pos·

105 2169 210 2250 setne,
243 2167 329 2253 quod
360 2168 402 2232 ob
435 2189 506 2232 eam
538 2191 606 2232 rem
637 2168 791 2252 dedisset,
823 2191 934 2235 rursus
962 2173 1116 2252 repetere,

104 2256 260 2342 quoniam
287 2257 497 2341 restipulatus
526 2261 612 2321 esset
636 2259 797 2341 aricino,
826 2259 854 2322 si
878 2259 954 2344 quid
978 2257 1020 2322 ob
1044 2278 1117 2320 eam

102 2367 186 2423 rem,
214 2344 369 2428 quodibi
393 2345 596 2410 aedificatum
620 2349 718 2429 esset,
742 2347 805 2410 sibi
828 2347 981 2414 damnum
1005 2346 1118 2410 datum

103 2437 205 2516 esset,
232 2433 266 2496 id
288 2433 391 2516 reddi,
420 2455 491 2498 cum
516 2437 549 2497 at
570 2435 675 2516 ipsam
699 2434 784 2498 hanc
807 2437 993 2521 pecuniam,
1021 2453 1119 2520 quam

103 2523 207 2607 daret,
225 2526 357 2606 propter
374 2523 460 2608 illud
474 2543 554 2606 opus
573 2521 730 2606 perderet.
761 2526 931 2606 respondit
944 2548 1008 2591 non
1023 2539 1121 2606 posse

107 2613 298 2695 [propterea
326 2611 401 2694 quia
427 2632 493 2676 non
516 2611 622 2694 operis
646 2611 739 2696 vitio,
766 2610 822 2675 sed
846 2629 884 2678 ex
909 2611 1123 2702 stipulatione

103 2700 141 2764 id
162 2700 348 2781 omitteret}

196 2811 232 2871 of.
252 2810 348 2871 Servii
371 2829 513 2888 responsa
537 2811 586 2871 85.
627 2812 741 2872 inclusa
762 2813 850 2872 verta
874 2833 894 2876 a
916 2819 998 2884 Tru.
1023 2808 1131 2874 additu
1216 2881 1218 2886 λ

103 2917 165 2962 csse
188 2901 308 2960 Peruue
334 2902 413 2960 nidd.

417 3062 460 3116 De
478 3079 551 3132 aqua
565 3063 665 3132 pavia
682 3063 809 3119 arcenda.

195 3161 249 3246 55,
271 3160 311 3242 D,
325 3161 377 3244 39,
391 3162 421 3243 3,
436 3163 487 3228 24.
518 3159 654 3226 Alfenus
673 3163 757 3228 libro
777 3169 897 3246 quarto
915 3160 1176 3280 Digestorffi?

106 3273 127 3315 a
144 3249 246 3315 Paulo
266 3250 517 3332 epitomatorum
537 3248 585 3336 (P.
600 3249 667 3336 64).
703 3249 838 3316 Vicinus
856 3253 936 3334 ¹00i
962 3241 1165 3365 supef'ffiffi

105 3343 235 3423 pratum
259 3338 307 3403 ita
330 3338 452 3423 arabat,
474 3344 511 3403 ut
533 3361 590 3424 per
611 3342 717 3404 sulcos
736 3341 881 3422 itemque
906 3374 1055 3446 Porcus
1074 3327 1177 3406 aqua

1 3469 2 3476 κ
106 3429 147 3493 cd
166 3427 351 3492 inferiorem
370 3428 500 3492 veniret.
543 3429 724 3511 quaesitum
744 3429 802 3512 est,
820 3449 862 3492 an
886 3459 974 3525 per
1023 3410 1184 3524 rbitr¹²¹¹²

106 3538 209 3602 aquae
242 3516 370 3600 pluviae
402 3515 558 3581 arcendae
589 3517 693 3600 possit
725 3517 810 3602 cogi,
846 3525 888 3587 ut
935 3493 1189 3624 innuptam
