2600 3908
6 201 9 332 i

337 216 361 266 ⁵1.
387 211 417 277 Q.
437 211 573 267 MUCIUS
591 211 621 265 P.
635 212 665 265 F.
680 210 710 266 P.
726 211 759 265 N.
776 209 963 265 SOAEVOLA
1112 208 1152 272 91

231 374 279 438 4⁸.
306 341 376 440 Gai.
395 374 438 458 ΙΙ,
452 375 503 456 54,
518 373 570 440 55.
591 411 631 422 -
652 374 730 438 olim
753 395 862 438 rerum
884 372 1153 436 hereditariamm

141 464 346 549 possessione
365 465 454 528 velut
471 465 561 548 ipsae
575 463 771 528 hereditates
785 461 919 546 usucapi
933 461 1153 545 credebantur,

142 552 267 616 scilicet
294 574 378 617 anno
497 555 667 618 volucrunt
692 555 816 615 veteres
844 549 1003 614 maturius
1027 549 1153 613 beredi-

140 645 226 706 tates
251 640 342 726 adiri,
364 645 402 705 ut
425 644 534 706 essent
556 642 612 727 qui
636 661 728 704 sacra
750 639 902 720 facerent,
925 660 1062 723 quorum
1086 639 1152 702 illis

139 731 343 812 temporibus
376 751 504 794 summa
534 729 718 795 observatio
746 726 823 810 fuit,
855 733 888 791 et
915 739 951 792 ut
978 727 1151 792 creditores

97 849 100 856 Δ
139 818 312 902 haberent,
335 840 355 883 s
378 841 442 904 quo
464 816 559 884 'suum
582 821 862 902 consequerentur.

228 915 278 983 4¹³.
303 915 415 982 Cicero
434 916 473 980 de
492 916 590 1001 legib.
609 915 639 999 2,
659 914 701 981 19
800 913 1019 991 ‘Quaeruntur
1042 963 1072 980 ..
1096 917 1152 999 qui

140 1006 387 1090 adstringuntur
410 1005 511 1070 sacris
530 1053 583 1071 ...
601 1004 697 1068 tertio
718 1004 801 1086 loco,
825 1003 966 1068 sinemo
988 1004 1030 1068 sit
1048 1003 1150 1088 heres,

138 1095 166 1160 is
190 1096 246 1179 qui
264 1095 420 1179 debonis,
443 1116 525 1178 quse
544 1095 611 1158 eius
631 1093 701 1178 (qui
720 1115 737 1158 e
756 1094 823 1156 vits
842 1091 1011 1179 migravit)
1029 1092 1151 1164 fuerint

136 1205 234 1268 quom
263 1183 411 1267 moritur,
438 1204 499 1247 usu
515 1183 649 1265 'ceperit
675 1181 851 1265 plurimum
879 1180 1149 1265 possidendo

137 1272 217 1338 hsec
238 1294 300 1338 nos
323 1294 343 1337 a
366 1269 521 1336 Scaevola
545 1269 725 1336 didicimus'

225 1384 262 1444 of.
286 1401 362 1462 quae
385 1401 477 1460 supra
500 1403 528 1458 p.
548 1385 588 1442 82
614 1381 774 1458 disputavi.

225 1494 255 1558 5.
278 1492 318 1559 D.
337 1494 371 1579 8,
389 1495 424 1577 2,
444 1493 472 1558 7.
518 1491 715 1577 Pomponius
743 1491 827 1555 libro
855 1492 1030 1558 vicensimo
1057 1499 1147 1560 sexto

135 1581 177 1647 ad
200 1580 357 1659 Quintum
379 1581 521 1647 Mucium
544 1579 593 1669 (P.
612 1577 703 1666 294).
748 1579 841 1656 Quod
869 1585 977 1644 sutem
1001 1582 1146 1648 aedificio

134 1693 207 1736 mco
239 1692 291 1736 me
323 1691 419 1755 posse
451 1669 617 1755 consequi,
650 1676 687 1735 ut
719 1669 903 1732 libertatem
936 1691 1146 1755 usucaperem

133 1760 261 1842 dicitur,
282 1760 369 1824 idem
387 1780 439 1824 me
457 1779 524 1824 non
542 1763 799 1841 consecuturum,
818 1759 845 1821 si
866 1757 1014 1823 arborem
1034 1761 1146 1825 eodem

134 1850 205 1914 loco
229 1849 325 1914 situm
348 1848 543 1928 habuissem,
566 1848 691 1912 Mucius
715 1847 770 1912 ait.

223 1947 265 2012 6?
294 1945 333 2010 D.
355 1947 413 2027 41,
441 1946 476 2030 3,
498 1947 542 2011 24
556 1968 603 2029 pr.
631 1945 828 2029 Pomponius
859 1945 941 2009 libro
969 1945 1145 2012 vicensimo

132 2040 247 2119 quarto
272 2036 311 2100 ad
336 2033 372 2111 Q.
390 2033 533 2100 Mucium
557 2031 607 2121 (P.
626 2031 716 2120 289).
761 2032 827 2099 Ubi
849 2035 901 2097 lex
924 2033 1050 2099 inhibet
1072 2057 1145 2100 usu-

132 2125 315 2210 capionem,
337 2124 424 2188 bona
446 2123 526 2187 fides
549 2123 730 2207 possidenti
752 2123 833 2187 nihil
855 2123 995 2206 prodest.

221 2235 306 2296 Hanc
325 2235 505 2295 sententium
518 2235 609 2294 Mucii
630 2253 693 2294 esse
707 2233 743 2292 A.
756 2233 879 2294 Pernice
893 2234 925 2293 11
941 2237 1002 2296 157
1022 2235 1145 2316 iudicat,

134 2323 187 2384 sed
205 2343 243 2383 sn
261 2327 341 2384 recte
356 2325 471 2384 dubito.
502 2324 551 2383 lex
565 2324 600 2383 de
616 2342 675 2400 qua
690 2323 800 2400 agitur,
820 2323 925 2382 Atinia
937 2324 1058 2385 videtur
1072 2345 1144 2387 esse.

473 2573 581 2631 Liber
603 2571 684 2630 XII?
706 2569 800 2630 XHI?

372 2699 419 2756 Dc
441 2698 619 2774 adquirendo
642 2713 741 2756 rerum
767 2697 900 2755 dominio.

490 2813 546 2883 [De
564 2811 786 2882 suonoipatr'oue]

223 2926 249 2989 l.
271 2921 376 2988 Varro
391 2922 420 2986 d.
435 2921 456 2987 l.
470 2923 491 2987 l.
507 2921 575 3002 ut,
587 2923 658 2987 105.
674 2959 715 2968 -
731 2917 887 3009 (Nexum)
902 2920 1042 2988 Mucius:
1060 2947 1141 3009 quae

131 3033 191 3098 per
217 3033 272 3077 ues
300 3015 332 3077 et
359 3011 477 3076 libram
504 3011 598 3093 fiant,
630 3015 667 3075 ut
694 3011 880 3096 obligentur
902 3015 1031 3096 praeter
1060 3037 1141 3099 quae

130 3101 293 3184 mancipio
317 3100 443 3165 dentur.

219 3221 264 3281 De
300 3221 419 3291 fiducia,
451 3219 489 3280 de
521 3237 583 3298 qua
615 3219 680 3280 Gai.
711 3219 743 3280 11
767 3223 822 3298 60,
857 3221 905 3280 ΠΙ
932 3224 994 3282 201
1029 3225 1141 3304 scribit,

130 3309 264 3370 Mucium
287 3329 405 3388 quoque
429 3309 583 3384 scripsisse
601 3327 662 3369 non
681 3313 728 3368 est
746 3329 799 3369 cur
817 3310 996 3370 dubitemus.
1030 3313 1067 3371 cf.
1082 3311 1140 3372 uic.

130 3399 166 3458 de
191 3398 267 3459 offic.
293 3401 326 3476 3,
353 3402 407 3477 17,
431 3401 486 3458 7οι
515 3392 659 3474 ‘fideique
683 3398 777 3458 bonae
799 3418 920 3474 nomen,
948 3397 1141 3460 existimabat

128 3480 179 3569 (Q.
199 3478 357 3570 Scaevola)
381 3531 433 3548 ...
457 3487 571 3546 versari
593 3487 624 3544 in
643 3534 649 3546 .
665 3531 694 3547 ..
717 3486 835 3546 fiduciis
852 3529 861 3546 .
876 3533 882 3545 .
898 3480 921 3546 .'
939 3487 1065 3564 Mucius,
1088 3490 1141 3565 qui

130 3576 302 3652 depositum
324 3577 404 3636 inter
426 3576 521 3635 bonae
544 3574 613 3634 fidei
636 3578 808 3634 contractus
830 3593 891 3633 non
908 3575 1052 3653 nominat,
1074 3580 1139 3635 tan-
