2598 3910
112 205 144 252 9.
158 197 230 252 TIT.
241 196 341 252 CANS.
354 228 388 238 —
403 195 703 252 summussos
713 227 745 236 -
757 204 798 252 11.
808 196 911 253 FLAV.
921 197 1031 254 Pelso.
1070 199 1134 262 267

403 410 444 492 9.
483 414 622 486 TITUS
651 413 845 487 CAESIUS

212 580 249 619 ex
267 561 392 618 Etruria
416 564 509 636 ortua,
532 562 568 618 ut
590 578 698 618 nomen
721 559 814 634 docet,
839 559 935 618 Servii
961 561 1134 640 discipulus,

116 670 211 727 quem
241 653 271 708 et
299 649 391 708 libros
420 649 630 723 conscripsisse
653 647 834 724 Pomponius
858 645 877 722 ἓ
897 650 940 707 44
968 651 1056 709 testis
1080 655 1134 727 est,

116 740 215 814 idem,
247 740 284 796 ut
317 738 449 810 videtur,
482 740 534 813 qui
566 731 712 796 ‘Caesius'
744 737 782 794 ab
810 737 943 798 Arnobio
976 731 1017 818 (v.
1041 735 1133 812 infra)

15 833 20 844 '
119 827 243 888 dicitur.
286 831 419 885 ceterum
438 824 535 885 ansii
557 844 665 886 nomen
688 826 846 903 vulgatum
869 830 922 886 est.
964 826 1133 888 Wilmauns

117 917 268 992 Exempla
289 915 328 992 H,
344 916 461 992 314sq.

536 1075 586 1089 ...
610 1028 726 1087 libri?

211 1146 363 1206 Arnobius
386 1146 453 1205 adv.
472 1150 532 1204 nat.
554 1147 583 1222 3,
602 1147 655 1204 40.
681 1176 718 1186 -
745 1145 885 1222 Nigidius
909 1146 1037 1206 Penates
1064 1147 1135 1207 deos

118 1237 298 1312 Neptunum
326 1253 389 1294 esse
420 1237 509 1311 atque
535 1233 706 1308 Apollinem
733 1235 939 1308 prodidit
963 1236 1042 1294 idern
1069 1257 1134 1294 rur·

118 1344 173 1384 sus
275 1324 395 1399 exponit
494 1323 667 1396 disciplinas
690 1323 832 1381 Etruscas
857 1342 995 1402 sequens,
1025 1344 1135 1403 genera

119 1432 189 1472 esse
212 1413 373 1471 Penatium
401 1414 546 1488 quattuor
569 1414 599 1469 et
623 1429 686 1469 esse
710 1411 789 1470 Iovis
814 1431 849 1470 ex
872 1412 918 1472 his
942 1414 1030 1492 alios,
1059 1415 1134 1473 alios

119 1503 266 1578 Neptuni,
289 1501 454 1560 inferorum
472 1501 587 1577 tertios
610 1499 781 1558 mortalium
803 1501 957 1560 hominum
977 1505 1134 1576 quartos..

118 1589 247 1650 Caesius
285 1591 316 1648 et
351 1590 415 1665 ipse
453 1607 503 1648 eas
540 1606 664 1664 sequens
698 1589 862 1648 Fortunam
900 1590 1068 1650 arbitratur
1104 1595 1135 1650 et

120 1678 273 1757 Cererem,
311 1679 438 1738 Genium
469 1678 618 1738 Jovialem
654 1695 688 1735 ac
720 1676 835 1752 Palem,
874 1678 926 1736 sed
957 1698 1017 1738 non
1049 1680 1135 1738 illam

118 1769 264 1828 feminam
297 1787 386 1844 quam
418 1767 585 1844 vulgaritas
613 1766 734 1843 accipit,
767 1766 818 1824 sed
847 1767 1005 1826 masculini
1032 1769 1133 1828 nescio

120 1877 211 1934 quem
234 1857 352 1933 generis
375 1855 546 1915 ministrum
570 1855 650 1915 Iovis
674 1873 708 1912 aa
733 1853 861 1914 vilicum.

370 2157 438 2240 10.
476 2163 701 2236 AUNIDIUS
731 2163 884 2236 Tusca

146 2359 147 2362 ,
213 2308 309 2369 Servii
331 2307 503 2385 discipulus,
527 2309 579 2384 qui
602 2308 638 2366 de
661 2308 726 2366 iuro
746 2308 839 2367 libros
859 2309 1043 2384 conseripsit,
1066 2327 1134 2368 eum

122 2399 252 2458 aliorum
280 2397 377 2456 Servii
408 2395 581 2455 auditorum
612 2397 697 2455 libris
727 2397 764 2455 ab
792 2396 913 2455 Aufidio
940 2397 1076 2456 Namusa
1102 2399 1134 2456 in

120 2507 216 2546 unum
239 2505 347 2562 corpus
370 2485 511 2563 digestos.
552 2485 733 2560 Pomponius
758 2482 848 2560 544.
890 2479 1056 2544 ‘Aufidius'
1085 2487 1135 2546 vel

123 2571 166 2634 ‘P.
181 2568 332 2634 Aufidius'
352 2574 532 2651 aliquotiens
550 2573 691 2631 laudatus
709 2576 812 2632 utrum
831 2574 929 2632 Tucca
947 2593 986 2632 an
1000 2574 1135 2632 Namusa

122 2664 278 2724 habendus
302 2663 342 2723 sit
362 2662 495 2722 dubitari
513 2664 625 2736 potest:
649 2661 724 2719 mihi
741 2661 842 2736 potius
860 2661 994 2721 Namusa
1013 2662 1134 2721 videtur

120 2773 196 2814 esse.
234 2772 270 2812 ex
288 2752 400 2810 Aufidii
420 2752 536 2810 Tuscae
558 2749 643 2809 libris
667 2750 836 2827 fragmenta
855 2749 940 2809 nulla
958 2751 1135 2810 afferuntur.

365 3055 433 3136 ll.
470 3059 673 3132 FLAVIUS
701 3058 894 3132 Palsous

211 3204 394 3280 Pomponius
426 3201 446 3278 ξ
470 3206 527 3262 44:
564 3197 617 3262 ‘ab
654 3205 710 3263 hoc
743 3195 877 3284 (Servis)
910 3203 1034 3280 plurimi
1064 3221 1133 3277 pro·

122 3297 271 3354 fecerunt:
300 3294 362 3352 fere
387 3297 487 3352 tamen
509 3293 541 3350 hi
563 3293 656 3352 libros
680 3293 990 3368 conscripserunt...
1009 3291 1133 3349 Flavius

122 3384 244 3443 Priscus
344 3401 472 3459 quorum
496 3400 597 3440 omnes
621 3381 672 3458 qui
695 3383 818 3440 fuerunt
840 3380 911 3438 libri
934 3379 1045 3458 digesti
1063 3381 1133 3436 sunt

123 3473 160 3531 ab
184 3471 306 3530 Aufidio
327 3471 462 3530 Namusa
485 3463 548 3530 ...²
573 3471 609 3528 de
628 3471 733 3530 Flavio
753 3469 854 3528 Prisco
877 3468 954 3526 nihil
977 3470 1134 3543 praeterea
1256 3550 1263 3551 ἶ

123 3561 274 3621 traditum
307 3563 359 3619 est.
411 3560 447 3619 de
478 3559 598 3619 nomine
624 3558 724 3618 Flavii
755 3558 880 3633 vulgato
913 3577 940 3617 v.
963 3556 1133 3615 Wilmauns
