2600 3908
320 203 346 254 7.
369 196 400 263 Q.
420 194 555 252 MUCIUS
574 196 604 250 P.
619 196 649 250 F.
663 193 693 248 P.
708 193 743 248 N.
759 193 947 250 selmona
1096 195 1135 258 77

468 383 525 455 [De
542 383 659 439 vestibus
677 381 793 453 separis}

218 485 268 550 12.
300 483 340 549 D.
363 485 415 568 34,
434 484 463 566 2,
483 485 535 549 33.
592 483 788 566 Pomponius
825 481 908 546 libro
945 486 1060 608 quarto
1098 483 1138 548 ad

125 573 285 651 Quintum
303 572 445 638 Mucium
465 573 514 653 (P.
533 569 622 658 238).
665 571 803 648 Quintus
822 569 946 636 Mucius
988 570 1035 636 ait
1057 573 1137 637 scire

126 685 162 728 se
186 662 346 748 quendam
370 665 553 726 senatorem
575 660 784 726 muliebribus
803 660 975 726 senatoriis
993 660 1042 724 uti
1061 661 1136 725 soli·

125 758 206 816 tum.
243 751 299 836 qui
324 752 350 815 si
374 751 498 836 legaret
522 749 711 814 muliebrem
735 753 866 832 vestem,
889 771 953 814 non
977 748 1138 814 videretur

12 913 13 924 2
125 838 280 926 (videri‘l)
306 839 344 905 de
368 861 405 904 ea
424 839 573 922 sensisse,
599 860 665 924 qua
687 837 757 923 ipse
782 859 846 924 qua
869 837 955 902 virili
977 838 1138 903 utebatur.

497 995 554 1068 [De
572 997 639 1050 bno
657 995 768 1067 locata]

218 1099 268 1162 13.
289 1095 329 1161 DJ
342 1097 394 1180 32,
406 1097 456 1180 70,
469 1097 519 1160 12.
546 1094 709 1180 Ulpianus
728 1096 813 1160 libro
830 1095 1137 1163 vicesimosecundo

128 1187 168 1251 ad
192 1183 349 1250 Sabinum
374 1181 424 1271 (P.
441 1182 553 1272 2639).
594 1185 765 1250 constabat
788 1185 874 1268 apud
897 1189 1020 1251 veteres
1043 1185 1137 1252 lanae

128 1275 346 1360 appellatione
369 1273 577 1339 versicoloria
599 1295 665 1338 non
688 1274 862 1338 conteneri.

431 1431 486 1503 [De
506 1436 618 1498 arpenta
636 1431 709 1496 facto
728 1430 836 1502 tepula]

221 1534 287 1597 14⁵.
320 1531 360 1596 D.
383 1531 439 1611 34,
458 1532 493 1610 2,
514 1531 563 1595 19.
613 1529 774 1612 Ulpianus
807 1530 890 1595 libro
917 1531 1070 1596 vicesimo
1099 1533 1140 1596 ad

129 1620 285 1688 Sabinum
297 1619 345 1704 (P.
355 1616 466 1706 2606).
490 1620 638 1704 Argento
647 1619 734 1682 facto
744 1619 854 1704 legato
864 1619 1002 1696 Quintus
1012 1620 1140 1685 Mucius

130 1712 177 1776 ait
194 1733 272 1775 vasa
292 1713 449 1794 argentea
466 1708 624 1773 contineri
639 1707 752 1788 [veluti
766 1708 954 1792 parapsides
970 1709 1140 1774 acetabula

128 1799 246 1865 trullas
274 1799 383 1882 pelves
411 1803 443 1862 et
470 1796 521 1862 his
550 1797 682 1880 similia,
709 1802 908 1861 nontamen
932 1818 1013 1881 quae
1037 1799 1139 1881 supel-

130 1887 250 1954 lectilis
274 1888 372 1968 sunt].

221 1973 292 2042 14¹³.
315 1975 354 2040 D.
368 1976 421 2057 34,
434 1976 465 2060 2,
479 1977 520 2040 27
533 1998 579 2060 pr.
613 1973 772 2058 Ulpianus
792 1974 875 2039 libro
893 1973 1139 2060 quadragesimo

42 2141 44 2148 Ι
128 2069 245 2150 quarto
274 2065 314 2129 ad
338 2063 494 2129 Sabinum
518 2063 568 2150 (P.
586 2063 697 2148 2195).
744 2063 883 2140 Quintus
906 2063 1030 2129 Mucius
1056 2064 1140 2129 libro

129 2154 269 2220 secundo
292 2154 372 2218 iuris
395 2153 500 2218 civilis
524 2155 572 2217 ita
595 2153 720 2216 definit:
746 2158 916 2237 argentum
939 2152 1060 2218 factum
1083 2175 1140 2218 vas

130 2247 321 2328 argenteum
345 2241 446 2306 rideri
469 2263 547 2306 esse.

220 2344 302 2415 Quae
320 2346 419 2421 priore
437 2346 502 2404 loco
521 2344 607 2404 uncis
623 2344 741 2418 inclusi,
759 2363 819 2404 non
832 2344 933 2423 Mucii,
952 2345 1004 2404 sed
1017 2344 1141 2422 Ulpiani

128 2453 195 2496 esse
223 2438 310 2510 puto:
338 2439 470 2493 extrema
496 2433 589 2492 verba
615 2426 692 2492 ‘non
718 2436 820 2492 tamen
847 2452 923 2509 quae
946 2434 1141 2510 supellectilis

129 2515 232 2584 sunt'
256 2523 389 2582 eiusdem
412 2541 477 2582 esse
500 2525 634 2598 apparet.

499 2673 557 2744 [De
575 2689 645 2728 aare
663 2672 772 2743 tapeto}

223 2775 272 2838 15.
305 2773 344 2838 D.
368 2774 420 2858 34,
440 2775 470 2860 2,
488 2774 532 2839 34
542 2796 588 2860 pr.
636 2772 834 2856 Pomponius
866 2772 950 2838 libro
982 2794 1069 2838 nono
1102 2775 1143 2839 ad

130 2863 288 2941 Quintum
314 2861 456 2927 Mucium
486 2859 535 2949 (P.
559 2859 649 2948 261).
695 2859 817 2927 Scribit
842 2860 980 2937 Quintus
1004 2860 1140 2930 Mucius:

132 2953 161 3016 si
180 2973 293 3016 aurum
313 2973 406 3016 suurn
424 2973 517 3017 omne
532 2956 624 3035 pater
638 2950 781 3016 familias
796 2952 888 3016 uxori
903 2973 980 3016 arrae
994 2952 1143 3036 legasset,

133 3040 167 3105 id
190 3061 317 3123 aurum,
345 3039 430 3125 quod
458 3041 581 3106 aurifici
603 3039 790 3107 faciundum
814 3039 955 3105 dedisset
978 3048 1034 3106 aut
1058 3043 1144 3127 quod

131 3129 165 3194 ei
198 3128 379 3214 deberetur,
413 3128 442 3194 si
474 3131 514 3193 ab
543 3130 673 3195 aurifice
701 3129 731 3193 ei
758 3150 930 3214 repensum
957 3152 1023 3195 nou
1051 3135 1144 3214 esset,

134 3218 263 3285 mulieri
285 3239 352 3282 non
376 3218 518 3284 debatur.
630 3269 631 3274 ,

224 3319 420 3397 Pomponium
439 3315 486 3382 sic=
501 3320 654 3396 scripsisse
673 3323 761 3397 put-o:
782 3321 808 3379 si
826 3339 934 3380 aurum
952 3366 959 3381 .
975 3363 1005 3383 ..
1024 3321 1145 3380 mulieri

133 3427 195 3469 non
222 3409 325 3469 deberi
353 3408 481 3480 Quintus
509 3409 626 3469 Mucius
650 3407 763 3469 scribit.

209 3574 223 3622 1
244 3571 307 3628 sou.
323 3569 456 3626 ‘siticen
583 3596 584 3600 ¹
