2614 3914
172 183 240 248 354
270 185 342 241 VIII.
358 183 489 240 OOTAVI
504 183 709 240 semeleius
724 184 1029 241 consummares
1045 186 1182 242 TERTIA

509 419 510 422 Ἴ
585 353 632 413 De
654 355 762 428 leqatis.

510 461 554 514 De
570 461 720 530 partitione
739 461 836 530 leonto.

261 563 288 626 1.
318 561 358 626 D.
377 561 434 644 32,
454 561 511 647 29,
532 562 560 626 1.
608 560 716 625 Labeo
745 561 828 626 libro
858 561 996 627 seeundo
1020 563 1181 644 posterio-
1295 557 1296 596 l

168 673 242 714 rum
270 649 466 726 alaroleno
491 647 918 736 epitomatornmlP.171).
959 649 1041 717 Cum
1066 651 1114 714 ita
1137 653 1180 716 10.

169 744 281 823 gatum
311 743 410 822 esset,
439 743 476 803 nt
507 738 595 802 Titia
627 760 706 802 uxor
727 747 808 803 “mea
839 739 1024 804 tentandam
1053 744 1179 823 partem

167 827 288 892 lrabeat
316 823 475 914 (capiati)
506 827 696 910 quantulam
725 849 807 892 unus
839 828 945 912 heres,
975 828 1004 892 si
1033 849 1098 892 non
1130 851 1180 892 ae·

169 916 279 1000 quales
315 922 425 1001 partes
463 919 572 980 essent
607 915 775 999 horedum,
812 913 950 992 Quintus
982 915 1109 982 Mucius
1147 921 1180 982 et

168 1003 280 1070 Gallus
303 1005 464 1088 putabant
487 1005 661 1068 maximam
684 1011 809 1088 partem
832 1005 975 1092 legatam
1000 1026 1078 1089 esse,
1102 1007 1179 1090 quia

167 1095 201 1157 in
224 1094 346 1159 maiore
368 1095 474 1160 minor
497 1114 622 1177 quoque
645 1093 775 1172 inesset,
795 1091 925 1159 Servius
946 1093 1062 1158 Ofilius
1084 1095 1179 1158 mini·

168 1205 267 1260 mam,
296 1183 372 1266 quia
399 1204 472 1246 eum
497 1182 591 1246 heres
614 1182 690 1246 dare
714 1181 885 1266 damnatus
909 1186 1010 1265 esset,
1032 1183 1067 1246 in
1090 1189 1180 1267 pote·

168 1274 253 1336 state
276 1271 344 1335 eins
369 1273 467 1354 esset,
491 1293 586 1355 quam
610 1275 735 1356 partem
759 1272 858 1336 daret.

384 1409 428 1465 De
445 1411 605 1480 supellectili
622 1415 648 1466 et
664 1411 845 1465 instaurante
864 1410 959 1482 leonto.

255 1501 285 1564 2.
309 1499 347 1564 D.
366 1500 418 1585 33,
434 1502 462 1583 7,
478 1501 534 1584 26,
555 1503 582 1566 1.
623 1500 713 1565 Idem
736 1497 935 1590 (lavolenus)
959 1502 1042 1568 libro
1062 1503 1177 1587 quinto

167 1611 205 1652 ex
227 1590 460 1674 posterioribus
483 1586 646 1655 Labeonis
670 1588 718 1675 (P.
733 1589 823 1674 215).
862 1590 967 1656 Molas
990 1593 1177 1656 manuarias

168 1679 296 1762 quidem
329 1679 554 1762 supellectilis,
585 1679 795 1744 iumentarias
829 1684 938 1744 autem
970 1681 1178 1746 instrumenti

167 1789 237 1832 esse
261 1766 373 1832 Ofilius
397 1769 452 1831 ait.

256 1862 292 1922 oi.
312 1880 404 1938 supra
425 1882 454 1938 p.
471 1863 533 1922 173
555 1854 605 1943 (fr.
622 1853 678 1942 20)
703 1865 733 1920 ot
755 1881 784 1938 p.
801 1864 862 1922 182
883 1856 933 1942 (fr.
949 1863 1015 1942 44).

523 1995 566 2049 De
584 1995 696 2050 ancillis
714 1996 816 2065 leontis.

126 2099 128 2106 ·
254 2088 284 2152 s.
313 2086 350 2152 o.
371 2087 423 2169 so,
441 2087 484 2150 45
494 2107 542 2168 pr.
578 2086 777 2170 Pomponius
800 2088 884 2152 nero
909 2092 999 2152 sexto
1024 2088 1064 2152 aa
1084 2066 1181 2154 sabi}
1294 2145 1296 2160 1

165 2198 243 2239 num
271 2172 321 2261 (P.
344 2174 434 2258 498).
478 2173 512 2239 si
545 2198 563 2239 a
596 2175 772 2247 substituto
805 2175 923 2259 pupilli
953 2177 1086 2242 ancillas
1114 2179 1178 2242 tibi

165 2265 324 2347 legassem
357 2285 473 2346 easque
503 2266 540 2328 tu
571 2287 590 2327 a
620 2264 741 2348 pupillo
774 2265 905 2328 emisses
938 2270 971 2330 et
1001 2270 1192 2350 antequam·

166 2351 264 2416 seiros
287 2351 350 2416 tibi
373 2353 498 2436 legatas
523 2373 592 2417 esse
616 2353 816 2436 alienaveris,
839 2353 918 2417 utile
937 2354 1084 2440 legatum
1104 2377 1175 2421 esse

164 2437 317 2504 Neratius
342 2444 374 2504 et
397 2440 509 2506 Aristo
534 2445 567 2506 et
590 2439 703 2506 Ofilius
725 2442 875 2526 probant.

442 2607 489 2666 De
511 2611 674 2668 testamento
696 2609 893 2667 manumissis.
1203 2643 1209 2654 ·
1295 2695 1296 2708 χ

252 2718 282 2782 4.
315 2715 354 2782 D.
372 2717 429 2796 40,
447 2716 481 2798 4,
501 2717 557 2800 40,
582 2717 611 2782 1.
651 2717 847 2802 Pomponius
874 2715 959 2781 libro
987 2717 1100 2802 quinto
1135 2741 1173 2784 ex
1295 2719 1296 2784 3

163 2804 292 2869 Plautio
308 2805 355 2888 (P.
371 2801 460 2892 345).
488 2856 516 2869 ..
533 2855 539 2869 .
554 2827 626 2870 oum
641 2805 700 2869 sub
720 2804 907 2871 condicione
927 2827 1018 2871 servo
1037 2805 1172 2872 libertas
1295 2871 1296 2884 ,

165 2914 223 2976 per
251 2893 532 2958 fideicommissum
560 2893 653 2957 detur
676 2895 799 2978 etipse
823 2895 984 2977 praesenti
1007 2894 1057 2959 die
1082 2895 1173 2962 dare·

162 2993 229 3064 tur,
265 3003 331 3044 non
363 2981 458 3044 aliter
489 2980 682 3062 oaanoipore1
715 3004 788 3046 eum
821 2986 967 3066 cogetur,
1004 3005 1102 3067 quam
1135 2991 1174 3050 nt

163 3073 314 3134 caveatur
337 3069 493 3133 existente
516 3070 701 3135 condicione
724 3070 868 3134 libertati
890 3093 962 3136 enm
982 3072 1171 3138 restitutum

162 3159 216 3242 iri3
238 3181 314 3222 nam
337 3159 371 3222 in
395 3158 544 3222 omnibus
566 3159 633 3222 fere
657 3159 762 3223 causis
786 3159 1049 3226 fideicommissas
1073 3162 1172 3226 liber-

162 3251 247 3312 tates
274 3270 332 3332 pro
361 3247 483 3313 directo
508 3246 591 3312 datis
614 3246 790 3312 habendas.
835 3249 888 3312 sed
913 3247 1028 3314 Ofilius
1052 3250 1171 3334 aiebat,

163 3338 190 3401 si
223 3336 383 3402 adimendi
415 3336 517 3422 legati
550 3358 647 3401 causa
674 3337 955 3402 fideicommissam
983 3337 1169 3404 libertatem

35 3462 46 3479 ι
161 3430 301 3492 testator
324 3425 477 3509 dedisset,
505 3447 543 3489 ea
567 3447 642 3490 vera
666 3447 748 3510 esse,
773 3427 899 3491 sivero
924 3428 1053 3492 onerari
1076 3429 1171 3494 here·

252 3561 266 3607 1
287 3556 362 3611 Teii.
381 3555 500 3610 tradere.
