2600 3908
322 223 346 272 r.
370 217 402 283 o.
422 216 556 272 nucius
575 216 602 271 Ρ.
619 217 648 272 s.
663 216 692 272 P.
702 215 742 272 n.
758 215 950 272 scssvoun
1099 220 1142 284 99

218 382 247 445 3.
268 379 307 445 D.
328 381 377 464 13,
393 381 422 462 6,
437 380 466 460 5,
480 381 510 444 3.
547 378 708 463 Ulpianus
727 380 811 445 libro
830 379 1006 446 vicensimo
1026 386 1141 449 octavo

129 470 169 534 ad
193 468 335 534 edietum
355 467 404 552 (P.
424 465 513 555 802).
555 466 803 532 Commodatum
825 473 931 533 autem
951 471 1141 556 plerumque

129 558 233 623 solam
264 557 440 622 utilitatem
472 557 616 621 continet
647 557 715 622 eius
747 557 799 622 cui
831 557 1070 644 commodatur,
1106 565 1140 625 et

126 646 198 711 ideo
231 647 338 711 verior
370 650 420 710 est
448 645 560 722 Quinti
591 644 690 710 Mucii
724 647 887 710 sententia
915 647 1140 733 existimantis,

128 739 161 799 et
183 736 312 818 eulpam
336 735 565 818 praestandam
589 739 623 799 et
645 733 847 817 diligentiam
871 739 914 821 et,
936 735 964 800 si
982 735 1068 801 forte
1087 759 1138 802 res

127 825 300 888 aestimata
328 825 404 887 data
432 824 489 906 sit,
517 845 612 888 omne
639 824 818 907 periculum
841 825 1074 908 praestandum
1097 828 1138 892 ab

129 934 181 998 eo,
204 914 260 996 qui
284 912 542 976 aestimationem
568 934 601 976 se
624 916 866 994 praestaturum
889 914 1018 997 recepit

215 1002 246 1066 4.
279 999 343 1068 Oie.
371 1001 411 1064 ad
438 1000 515 1067 fam.
545 1001 578 1080 7,
601 1002 652 1066 22.
682 1037 727 1047 -
755 1001 920 1066 Inluseras
953 1002 1022 1066 heri
1054 1003 1140 1068 inter

128 1089 281 1175 scyphos,
312 1089 398 1174 quod
426 1089 569 1154 dixeram
596 1091 849 1155 controversiam
878 1112 959 1173 esse,
986 1095 1139 1175 possetne

126 1179 219 1244 heres
253 1178 339 1262 quod
371 1179 492 1243 furtum
528 1181 624 1244 antea
654 1179 775 1244 factum
808 1183 906 1262 esset,
942 1179 1020 1244 furti
1052 1185 1139 1246 recte

128 1289 233 1351 egere.
274 1269 385 1352 itaque
482 1266 516 1330 id
539 1271 638 1351 caput
660 1268 715 1332 ubi
738 1267 817 1332 haec
840 1269 1062 1334 controversia
1080 1275 1138 1353 est,

127 1357 239 1421 notavi
268 1360 301 1420 et
327 1356 525 1440 descriptum
553 1355 612 1420 tibi
642 1357 729 1438 misi,
757 1360 794 1420 ut
816 1357 915 1421 scires
938 1356 972 1421 id
994 1359 1079 1442 quod
1102 1363 1138 1422 tu

126 1445 287 1509 neminem
311 1443 451 1509 sensisse
473 1443 612 1528 dicebas,
636 1442 706 1508 Sex.
726 1443 865 1530 Aelium,
888 1443 939 1510 Μ’.
958 1445 1139 1530 Manilium,

126 1533 168 1598 M.
188 1534 327 1598 Brutum
355 1534 503 1598 sensisse.
551 1553 611 1617 ego
634 1537 744 1598 tamen
767 1531 940 1598 Scaevolae
964 1539 997 1598 et
1021 1535 1137 1599 Testae

125 1623 294 1688 assentior.

213 1712 261 1776 5⁸.
281 1711 361 1776 Gall.
378 1712 576 1794 17,7,1-3.
592 1745 631 1758 -
647 1709 743 1796 Legis
758 1710 875 1774 veteris
891 1710 1022 1776 Atiniae
1037 1713 1136 1776 verba

124 1804 212 1865 sunt:
238 1800 336 1885 ‘quod
356 1801 547 1882 subruptum
566 1799 638 1882 erit,
655 1800 723 1864 eius
741 1800 788 1864 rei
808 1805 941 1864 aeterna
960 1801 1136 1865 auctoritas

124 1888 203 1955 esto’
331 1887 368 1965 Q.
398 1886 551 1953 Scaevola
583 1893 710 1973 patrem
742 1910 836 1953 suum
869 1891 901 1952 et
932 1887 1071 1954 Brutum
1104 1895 1137 1953 et

122 1977 292 2043 Manilium
324 1980 411 2043 viros
444 1977 592 2061 adprime
625 1978 737 2043 doctos
770 1977 933 2061 quaesisse
967 1978 1013 2042 ait
1044 1977 1135 2042 dubi-

123 2072 283 2152 tasseque,
300 2070 452 2132 utrumne
470 2066 505 2130 in
523 2069 599 2150 post
616 2066 704 2132 facta
722 2065 817 2131 modo
836 2065 924 2130 furta
942 2067 994 2130 lex
1009 2066 1135 2132 valeret

124 2179 164 2222 en
199 2157 299 2221 etiam
330 2157 364 2220 in
396 2159 472 2220 ante
503 2154 604 2239 facta,
636 2153 789 2240 quoniam
822 2154 1026 2239 ‘subruptum
1059 2155 1133 2219 erit’

123 2250 293 2330 utrumque
312 2249 438 2330 tempus
458 2243 620 2310 videretur
638 2243 814 2326 ostendere,
837 2247 904 2307 tam
924 2245 1133 2328 praeteritum

123 2335 407 2505 quamsiliiuio,
425 2423 473 2506 ro,
490 2422 563 2487 123.
610 2421 701 2486 nem
728 2418 785 2507 (a.
807 2418 1021 2504 Pomponius)
1049 2421 1133 2485 nero

123 2513 296 2577 vicensimo
316 2516 407 2576 sexto
422 2511 463 2576 ed
477 2509 632 2586 Quintum
646 2509 789 2574 Mucium
806 2506 856 2594 (P.
871 2509 960 2594 296).
987 2507 1132 2573 Verbum

123 2599 207 2665 ‘erit'
231 2601 392 2666 interdum
421 2600 519 2664 etiem
542 2600 754 2682 praeteritum
777 2619 836 2662 nee
860 2597 965 2662 solum
987 2597 1132 2662 fetuum

122 2693 248 2775 tempus
268 2685 478 2755 demo'nstrat.

512 2825 620 2886 Liber
644 2823 740 2884 XVII.

474 2943 521 3001 De
542 2941 776 3015 repetitionibus?

210 3049 294 3121 Quod
317 3048 497 3125 posteriores
520 3047 731 3126 condictiones,
753 3045 784 3104 id
802 3048 920 3106 veteres
938 3045 1131 3120 repetitiones

60 3203 62 3208 ,
121 3141 358 3200 nominaverunt.
403 3136 587 3196 cf.Pernice
614 3135 714 3196 Labeo
742 3135 867 3213 1,420.
914 3134 950 3193 de
977 3134 1130 3210 repetitio·

121 3230 208 3289 nibus
222 3228 354 3287 Mucium
373 3225 527 3302 scripsisse
546 3225 662 3284 certum
681 3227 735 3301 est,
755 3223 807 3284 sed
825 3243 894 3284 eum
910 3222 1130 3282 condictionem

121 3337 230 3395 genera
256 3315 446 3392 proposuisse
472 3314 592 3373 Beklrer
614 3313 765 3372 Aktionen
787 3313 811 3387 Ι,
832 3315 905 3388 106,
926 3314 985 3370 121
999 3329 1042 3386 sq.
1069 3329 1129 3368 non

121 3411 197 3468 recte
221 3408 318 3484 putat.
360 3405 397 3464 cf.
416 3403 539 3462 Pernioe
562 3403 583 3463 l.
602 3423 625 3462 e.
644 3402 778 3478 111,214
797 3421 825 3460 n.
841 3405 870 3460 4.
911 3400 1038 3458 fortasse
1061 3415 1128 3456 con-

121 3496 209 3556 dictio
236 3495 350 3554 furtiva
373 3511 463 3552 eausa
486 3493 556 3567 fuit,
585 3510 637 3551 cur
660 3492 715 3551 hoc
738 3491 815 3549 libro
839 3489 875 3548 do
899 3485 1129 3563 repetitionibus

120 3585 233 3644 Mucius
257 3583 408 3643 scriberet.

879 3679 893 3726 7
900 3673 915 3706 2
