2588 3908
336 194 360 244 8.
388 187 539 244 sanutus
559 188 743 246 SULPICIUS
761 189 881 246 RUFUS
1050 191 1114 255 195

104 357 162 416 est.
200 352 228 416 si
248 356 356 416 autem
376 374 461 436 aqna
479 351 573 416 vitiet
590 351 801 420 fundamenta
819 356 853 416 et
871 354 917 418 sic
936 353 1116 418 aedificium

104 441 234 522 ruisset,
253 441 413 505 committi
430 440 671 524 stipulationem
687 443 745 506 eit:
765 441 1004 508 multumenim
1019 443 1115 506 inter-

105 551 189 611 esse,
219 529 305 616 quod
334 533 403 594 erat
425 529 572 614 alioquin
600 530 742 612 firmum,
771 530 802 594 vi
825 530 966 596 fluminis
989 532 1115 614 lapsum

104 618 147 682 sit
179 619 341 703 protinus,
374 640 415 682 an
448 640 523 683 vero
557 623 630 684 ante
659 619 702 684 sit
730 619 894 703 vitiatum,
926 619 1040 684 deinde
1069 619 1114 685 sic

103 707 266 772 deciderit.

418 837 423 850 .
480 801 526 860 De
548 802 740 862 servitutibus,

192 911 243 977 88.
272 911 312 976 D.
331 911 359 994 8,
379 911 410 994 4,
430 911 480 977 15.
515 911 637 976 Paulus
660 912 746 976 libro
769 913 873 995 primo
898 912 1112 995 epitomarum

100 999 213 1066 Alfeni
231 999 441 1084 Digestorum
461 999 509 1084 (P.
524 995 592 1085 31).
629 999 692 1077 Qui
710 1022 768 1084 per
786 1007 908 1066 certum
926 1002 1032 1066 locum
1051 1002 1114 1066 iter

101 1095 158 1154 aut
182 1093 289 1154 actum
315 1089 410 1154 alicui
428 1087 485 1172 (in
503 1089 594 1173 iure>
618 1089 776 1170 cessisset,
799 1111 872 1154 eum
890 1090 1037 1172 pluribus
1055 1112 1113 1175 per

100 1177 239 1244 eundem
272 1178 378 1244 locum
408 1178 462 1244 rel
495 1179 557 1242 iter
584 1178 636 1243 vel
664 1181 772 1244 autum
801 1178 856 1261 <in
883 1178 973 1262 inre>
1001 1179 1112 1242 cedere

97 1288 197 1352 posse
226 1287 336 1332 verum
365 1270 427 1332 est:
456 1266 725 1351 quemadmodum
752 1268 782 1330 si
810 1267 884 1350 quis
907 1267 1012 1332 vicino
1037 1289 1112 1332 suas

99 1355 197 1422 aedes
221 1378 330 1420 servas
353 1355 496 1440 fecisset,
521 1355 624 1420 nihilo
648 1353 753 1420 minus
778 1359 857 1440 quot
879 1356 977 1422 vellet
1000 1356 1111 1421 multis

99 1467 155 1510 eas
180 1443 274 1508 aedes
298 1465 408 1509 servas
431 1444 538 1508 facere
561 1447 680 1528 petest.

190 1555 405 1616 Tribcniannm
418 1555 506 1620 Pauli
524 1555 573 1615 rel
586 1555 689 1614 Alfeni
703 1555 868 1614 oraticnem
883 1559 1015 1616 mutasse
1031 1549 1110 1635 (qui

98 1689 130 1705 ..
155 1645 330 1705 cessisset
353 1689 395 1720 ..‚
427 1663 533 1706 verum
556 1647 623 1719 est,
656 1643 907 1719 quemadmodum
934 1646 959 1703 si
1057 1646 1110 1705 fe-

97 1734 215 1794 ci-sset
313 1725 441 1812 potest')
466 1736 497 1792 ct
518 1750 694 1809 responsum
717 1732 840 1792 subesse
864 1736 997 1810 apparet.

189 1843 254 1909 89?
277 1843 316 1908 D.
330 1844 383 1926 43,
393 1843 445 1924 20,
457 1847 484 1924 l,
497 1844 546 1908 17.
573 1841 733 1928 Ulpianus
748 1842 831 1906 libre
847 1841 1109 1928 septuagensimc

97 1934 140 2000 ad
165 1933 306 1998 edictum
331 1931 381 2018 (P.
402 1930 511 2018 1570).
552 1930 635 1996 Item
659 1931 831 2015 quaeritur,
855 1932 882 1995 si
907 1930 978 2016 quis
998 1953 1110 2014 aquae,

97 2045 198 2108 qnam
217 2022 278 2088 hoc
302 2043 387 2088 anno
407 2021 552 2104 ducebat,
576 2021 674 2084 aliam
694 2042 810 2106 aquom
829 2020 1043 2102 admiscuerit,
1066 2042 1109 2084 en

95 2113 229 2196 impune
248 2110 466 2196 prohibeatur.
499 2113 532 2175 st
546 2114 636 2174 extat
651 2107 738 2174 Ofilii
754 2104 935 2196 (PServii‘l)
949 2109 1109 2173 sententia

94 2200 317 2266 existimantis
340 2204 426 2263 recte
450 2219 521 2262 eum
544 2197 722 2283 prohiberi,
750 2199 805 2262 sed
829 2220 866 2263 eo
889 2198 965 2280 loci,
988 2199 1021 2262 iu
1045 2219 1108 2283 quo

96 2291 240 2376 primum
269 2309 387 2373 aquam
414 2288 512 2352 aliam
540 2288 573 2351 in
601 2287 705 2351 rivum
734 2287 885 2352 admittit.
932 2291 966 2366 at
993 2286 1108 2352 Ofilius

96 2381 132 2444 in
156 2381 227 2443 tota
250 2399 333 2462 oque
355 2379 440 2440 recte
465 2397 536 2440 eum
559 2375 724 2460 prohiberi
747 2376 801 2440 uit.

188 2465 254 2531 90?
283 2465 322 2530 D.
341 2465 371 2548 8,
390 2464 419 2544 5,
439 2464 490 2548 17,
511 2467 538 2529 1.
580 2465 715 2530 Alfenus
738 2464 824 2529 libro
848 2465 987 2528 secundo
1010 2463 1108 2546 Dige-

97 2561 225 2622 storum
250 2551 297 2640 (P.
316 2551 363 2640 4).
409 2552 490 2619 (lum
513 2555 547 2618 in
570 2553 665 2617 domo
690 2551 764 2616 Gaii
787 2551 839 2639 Sei
861 2553 950 2617 locus
975 2551 1108 2636 quidam

96 2645 232 2710 aedibus
247 2643 335 2708 Anni
353 2643 400 2706 ita
420 2643 561 2724 serviret,
579 2645 616 2706 ut
633 2642 668 2706 in
688 2662 725 2706 eo
743 2641 815 2704 loco
831 2641 973 2723 positum
989 2641 1107 2704 habere

96 2735 148 2800 ins
176 2732 249 2798 Seio
272 2753 338 2798 non
361 2736 447 2796 esset
470 2734 503 2794 et
527 2727 617 2795 Seius
640 2730 675 2794 in
698 2751 735 2794 eo
760 2728 876 2793 silvam
901 2729 1050 2811 sevisset,
1073 2726 1107 2790 in

96 2845 163 2909 qno
186 2821 279 2888 labra
300 2825 332 2885 et
349 2817 455 2884 lenes¹
474 2819 670 2885 cucumellas
688 2816 813 2901 positas
831 2817 975 2902 haberet,
997 2815 1107 2884 Annio

97 2911 270 2978 consilinm
304 2931 416 2974 omncs
449 2908 528 2974 iuris
561 2908 658 2993 periti
690 2906 861 2992 dederunt,
894 2911 931 2972 ut
963 2929 1035 2972 cum
1068 2923 1106 2969 eo

95 3004 221 3086 ageret,
253 3000 302 3064 ins
331 2998 361 3062 ei
387 3019 454 3062 non
482 3019 552 3062 esse
579 2997 612 3062 in
635 3018 673 3061 eo
696 2997 767 3081 loco
797 3016 834 3063 ea
856 2997 965 3080 posita
987 2996 1108 3062 habere

93 3091 198 3156 invito
224 3109 266 3152 sc.

184 3200 269 3260 luter
293 3199 348 3258 hos
371 3198 559 3275 iurisperitus
582 3198 710 3257 fortasse
733 3197 825 3256 stiam
849 3196 970 3260 Servius
993 3198 1062 3258 fuit.

184 3318 251 3384 91?
275 3317 313 3383 D.
334 3319 362 3400 8,
377 3317 407 3398 5,
426 3317 456 3400 8,
470 3316 500 3381 5.
536 3313 696 3400 Ulpianus
720 3315 803 3379 libro
824 3315 1109 3399 septimodecimo

94 3411 134 3475 ad
158 3409 298 3474 edictum
321 3404 371 3494 (P.
390 3401 479 3491 601).
520 3405 632 3470 Aristo
656 3401 792 3470 Cerellio
812 3403 916 3470 Vitali
939 3394 1112 3490 respondit

167 3571 181 3618 1
203 3563 250 3621 Fr.
268 3566 357 3619 tener.
384 3563 535 3619 emendavit
553 3561 733 3616 Hctcmomes.

838 3649 892 3702 13*
