2600 3908
258 200 260 204 ’
300 196 324 244 7.
348 189 378 256 Q.
398 188 534 244 Muclus
553 189 582 244 P.
597 190 627 245 F.
642 189 672 244 P.
688 191 721 244 N.
737 189 928 248 SOAEVOLA
1076 194 1118 257 97

197 357 280 428 Quae
299 357 405 417 Gallus
424 356 529 417 Aelius
552 357 588 417 de
607 357 791 434 postliminio
810 360 913 438 tradit,
936 360 1063 420 fortasse
1083 381 1120 421 ex

106 447 201 507 Mucii
223 447 302 507 libro
324 447 483 522 desumpta
508 450 586 506 sunt.
631 446 712 510 Fest.
734 467 761 506 v.
784 449 969 524 postliminio
992 471 1021 526 p.
1045 451 1117 512 218.

196 529 240 595 4?
268 531 469 595 Modestinus
495 529 579 596 libro
607 530 705 595 tertio
734 529 933 616 Regularum
960 531 1009 618 (P.
1027 532 1117 622 208).

106 619 146 684 D.
165 619 330 702 49,15,4.
351 655 389 665 —
413 641 463 702 an,
486 621 539 704 qui
563 619 713 685 hostibus
736 620 864 685 deditus
887 643 1034 687 reversus
1058 644 1117 687 nec

107 709 244 773 anobis
267 712 415 792 receptus
439 708 518 772 civis
541 707 705 773 Romanus
730 709 786 793 sit,
813 710 900 774 inter
923 709 1061 775 Brutum
1085 716 1118 776 et

106 795 295 864 Scaevolam
319 797 407 861 varie
430 799 606 861 tractatum
629 803 687 862 est.

192 890 394 950 Modestinum
416 890 559 950 traditam
582 909 686 951 vocem
710 885 781 950 ‘non
799 886 950 968 receptus’
973 894 1050 953 falso
1074 894 1116 954 sio

104 981 336 1056 interpretatum
363 996 440 1054 esse,
468 979 555 1056 quasi
582 979 614 1038 id
641 982 797 1058 ageretur,
824 1001 897 1040 num
918 983 1044 1041 Romani
1071 1001 1117 1042 re-

53 1132 55 1138 ,
104 1087 234 1146 versum,
259 1086 320 1127 uon
342 1069 444 1128 hostes
463 1069 597 1128 deditum
615 1069 791 1146 reciperent,
814 1069 916 1148 itaque
936 1071 1117 1131 sententiam

105 1157 271 1234 corrupisse
299 1157 334 1216 R.
356 1157 467 1216 Heinze
499 1160 580 1216 recte
612 1158 737 1217 monuit.
783 1157 819 1218 cf.
847 1157 947 1219 Cicero
976 1160 1012 1218 de
1041 1163 1115 1221 orat.

104 1246 128 1324 I,
141 1249 193 1320 40,
208 1249 269 1306 181
287 1290 329 1306 ...
345 1244 375 1304 0.
385 1245 557 1305 Mancinum
571 1291 595 1305 ..
610 1247 806 1325 consularem,
829 1267 896 1306 cum
910 1266 978 1307 eum
991 1253 1116 1324 propter

104 1335 248 1396 invidiam
270 1334 449 1394 Numantini
475 1335 604 1394 foederis
631 1339 718 1410 pater
740 1338 878 1410 patratus
903 1355 938 1394 ex
962 1355 984 1395 s.
1003 1351 1028 1396 c;
1052 1338 1115 1396 Nu·

104 1424 247 1484 mentiris
270 1423 433 1483 dedidisset
451 1442 578 1500 eumque
596 1423 643 1482 illi
661 1443 721 1482 non
739 1425 930 1500 recepissent,
953 1429 1116 1502 posteaque

103 1513 259 1572 Mancinus
288 1513 409 1572 domum
439 1513 604 1572 revenisset
634 1531 730 1589 neque
761 1513 793 1570 in
826 1516 963 1572 senatum
990 1515 1116 1574 introire

104 1601 281 1679 dubitasset,
299 1601 333 1661 P.
343 1600 476 1660 Rutilius
496 1601 536 1660 M.
550 1600 630 1660 filius
648 1601 788 1660 tribunus
802 1602 898 1676 plebis
916 1602 1005 1662 iussit
1019 1603 1113 1676 educi,

103 1691 183 1768 quod
210 1709 280 1750 eum
306 1690 401 1750 civem
427 1692 553 1768 negaret
581 1707 659 1768 esse,
692 1689 763 1767 quia
790 1690 936 1750 memoria
963 1691 1006 1750 sie
1034 1695 1114 1750 esset

101 1779 269 1856 proditum,
297 1798 386 1856 quem
410 1824 438 1837 ..
461 1781 549 1854 pater
574 1781 711 1854 patratus
740 1778 913 1856 dedidisset,
942 1779 970 1838 ei
997 1779 1115 1839 nullum

102 1886 166 1927 esse
185 1867 412 1944 postliminium.
442 1867 466 1942 Ι,
482 1869 532 1941 56,
549 1869 612 1927 238
633 1912 661 1926 ..
681 1867 790 1943 quibus
808 1867 953 1928 incensis
968 1869 1114 1943 omnibus,

102 1956 181 2016 sicut
203 2002 232 2019 ..
255 1957 287 2016 in
311 1955 340 2016 Ο.
355 1955 479 2016 Hostilii
497 1955 627 2016 Mancini
650 1957 854 2017 controversia
878 2001 929 2016 ...
954 1957 1014 2016 fuit
1035 1957 1115 2017 inter

102 2045 299 2120 peritissimos
313 2045 447 2104 homines
462 2063 579 2104 summa
593 2045 628 2104 de
642 2045 708 2104 iure
718 2045 872 2105 dissensio.
891 2045 1115 2124 cf.11,32‚137.

102 2133 243 2194 Ceterum
269 2133 430 2194 Modestini
457 2127 622 2193 ‘Scaevola'
649 2135 777 2194 fortasse
805 2153 864 2194 nou
893 2134 1034 2212 Quintus,
1067 2136 1115 2194 cui

102 2222 195 2283 Lenel
212 2223 246 2285 P.
260 2213 318 2283 43b
333 2223 537 2300 fragmentum
555 2221 703 2296 attribuit,
724 2224 776 2283 sed
789 2221 915 2284 Publius
928 2223 1044 2284 Mucius
1060 2228 1115 2284 est.

105 2313 140 2372 cf.
161 2330 253 2388 supra
274 2332 304 2388 p.
325 2313 376 2373 34.

501 2436 609 2495 Liber
633 2435 714 2495 XVI.

527 2552 574 2612 Dc
600 2554 688 2625 furio.

193 2667 356 2726 Furtorum
388 2685 511 2745 genera,
549 2666 585 2725 de
621 2665 730 2741 quibus
763 2662 827 2724 Gai.
855 2665 913 2743 III,
948 2667 1009 2725 183
1043 2667 1115 2744 agit,

102 2754 135 2826 Q.
164 2755 281 2815 Mucius
313 2754 447 2815 nondum
479 2756 691 2815 constituerat:
724 2773 818 2812 unum
851 2757 972 2813 tantum
998 2755 1115 2814 furtum

102 2862 165 2904 esse
191 2844 326 2919 putabat.
373 2843 495 2904 Servius
518 2845 637 2904 demum
659 2845 810 2902 furtorum
833 2862 945 2921 genera
968 2843 1114 2904 distinxit.

101 2933 221 2992 Bekker
254 2933 404 2992 Aktionen
429 2933 457 3011 I,
487 2936 549 2994 307
574 2951 630 3011 sq.;
662 2931 784 2991 Pernice
807 2932 835 3008 I,
860 2935 937 3009 3123
965 2932 1024 3011 ΙΠ,
1050 2935 1113 2992 214

101 3026 207 3082 contra
228 3021 403 3082 Ubbelohde
426 3022 652 3082 Realcontracte
675 3041 703 3097 p.
723 3023 763 3081 36
785 3040 827 3098 sq.

189 3110 330 3171 Fortasse
357 3129 405 3170 res
432 3111 579 3171 iudicatae
608 3113 697 3186 atque
725 3127 880 3187 responsa,
910 3129 985 3186 quae
1013 3110 1113 3170 Labeo

100 3199 132 3258 in
163 3199 241 3259 libro
274 3199 310 3258 de
342 3198 495 3260 duodecim
522 3200 635 3260 tabulis
663 3199 792 3258 secundo
821 3191 913 3279 (Gell.
938 3201 1048 3274 6,15,
1070 3193 1113 3276 1),

102 3285 230 3348 Sabinus
250 3289 282 3348 in
303 3287 379 3348 libro
399 3288 435 3348 de
454 3289 543 3349 furtis
563 3281 654 3371 (Gell.
671 3291 720 3360 11,
737 3290 787 3367 18,
808 3280 873 3364 12),
895 3291 1001 3364 postea
1019 3286 1112 3346 Gaius

102 3377 212 3454 aliique
236 3380 457 3456 congessenmt,
481 3397 517 3437 ex
540 3377 633 3437 Mucii
654 3377 732 3436 libro
756 3377 914 3452 desumpta
936 3379 1014 3435 sunt.

193 3463 221 3526 1.
244 3459 324 3526 (loll.
344 3461 483 3545 6,15‚2.
502 3497 546 3508 -
565 3461 601 3538 Q.
621 3459 775 3526 Scaevola
792 3460 826 3522 in
844 3459 1011 3538 librorum,
1030 3479 1113 3541 quos

101 3549 140 3612 de
159 3549 228 3614 iure
247 3549 334 3614 civili
353 3551 542 3636 composuit,
565 3547 645 3615 XVI
663 3549 762 3614 verba
779 3547 858 3612 haec
876 3547 999 3631 posuit:
1025 3546 1115 3626 Quod

156 3661 251 3712 Iurispr.
266 3661 383 3705 antehadr'.
397 3664 446 3705 rell.
460 3664 495 3706 ed.
509 3665 609 3704 Bremer.
884 3655 899 3704 'd
