2588 3908
178 171 242 235 194
279 170 325 226 Vl.
350 168 481 225 ocrem
500 167 715 224 1111111111
735 166 905 225 consum.
926 168 1050 222 snmus
1069 167 1184 224 PRIMA

177 337 273 400 uento
294 337 350 397 aut
369 333 499 398 omnino
519 333 628 416 aliqua
639 332 673 395 -vi
688 332 887 397 extrinsecus
902 332 1033 396 admota
1040 332 1186 417 caderet,

178 423 233 487 sed
257 422 343 507 quod
365 422 472 504 ipsum
495 443 553 503 per
576 443 609 484 se
633 420 821 486 concideret.
1280 423 1281 480 ξ

265 508 338 576 84¹³.
370 509 408 575 D.
428 511 470 576 39
471 512 523 594 ,2,
543 511 595 591 24,
609 511 639 574 4.
675 509 763 573 Idem
784 505 973 596 (Ulpianus)
996 508 1078 574 libro
1098 514 1187 574 octo·

177 602 323 686 gensimo
343 600 448 684 primo
468 599 508 663 ed
525 600 664 662 edictum
680 596 727 681 (P.
744 596 855 682 1153).
888 596 1063 662 Servius..
1082 603 1186 682 putet,
1280 649 1281 676 ,

178 689 205 754 11
229 712 267 753 ex
291 689 421 754 aedibus
446 687 653 788 promissoris
672 689 749 750 vent
751 708 769 750 ο
787 688 918 772 tegulae
938 685 1081 751 deiectae
1099 687 1187 752 dam-

177 800 253 842 num
277 777 382 842 vicino
405 776 565 858 dederint,
588 775 635 840 111
658 796 730 838 eum
754 777 869 857 teneri,
895 776 923 839 si
946 774 1084 840 aedificii
1106 776 1187 841 vitio

176 867 208 930 id
232 866 397 944 acciderit,
429 887 495 929 non
519 866 551 928 si
580 865 734 929 violentia
756 869 926 928 ventorum
954 864 1006 928 vel
1033 885 1097 948 qua
1121 866 1187 930 alia

176 957 310 1035 ratione,
333 976 415 1039 quae
438 955 503 1017 vim
527 954 627 1017 habet
649 952 799 1018 divinam.

265 1044 316 1109 85.
354 1042 392 1106 D.
417 1043 527 1126 311,
550 1042 656 1122 43,1.
711 1041 847 1106 Alfenus
879 1040 987 1106 Varus
1019 1041 1104 1106 libro
1138 1063 1187 1105 se-

176 1133 280 1198 cundo
303 1132 511 1216 Digestorum
535 1127 585 1216 (P.
605 1127 650 1216 5).
696 1128 777 1195 Cum
802 1130 959 1213 parietem
982 1151 1186 1194 communem

177 1221 343 1286 aedificare
371 1221 442 1304 quis
470 1241 543 1284 cum
568 1219 675 1284 ricino
698 1220 808 1303 vellet,
835 1219 1021 1302 priusquam
1046 1223 1186 1284 veterem

177 1309 381 1391 demolirent,
413 1308 522 1372 damni
553 1307 665 1372 infecti
695 1309 801 1372 vicino
828 1307 1015 1390 repromisit
1042 1307 1187 1394 adeoque

176 1399 386 1481 restipulatur
415 1401 476 1462 est:
504 1402 715 1483 posteaquam
744 1397 849 1480 peries
873 1397 1021 1460 sublatus
1045 1401 1131 1461 esset
1154 1402 1188 1460 et

177 1488 376 1552 habitatores
404 1508 443 1550 ex
470 1486 584 1551 vicinis
613 1485 774 1551 cenaculis
802 1486 1029 1570 migrassent,
1061 1486 1186 1549 vicinus

177 1577 218 1642 ab
249 1597 286 1640 1ο
317 1576 512 1659 mercedem,
545 1597 642 1659 quam
675 1575 876 1638 habitatores
909 1595 975 1638 non
1007 1574 1185 1656 redderent,

176 1669 285 1750 petere
308 1665 392 1730 vult:
416 1665 597 1748 quaesitum
621 1668 681 1748 eet,
703 1686 744 1728 eu
768 1667 855 1730 recte
877 1666 974 1746 petet
1020 1664 1188 1746 respondit

175 1777 242 1820 non
269 1756 449 1838 oportuisse
478 1775 546 1836 eos,
574 1775 646 1818 cum
670 1773 874 1816 communem
896 1750 1054 1834 parietem
1078 1751 1186 1816 aedifi-

177 1848 297 1927 carent,
316 1844 401 1907 inter
423 1864 457 1906 se
480 1841 704 1925 repromittere
727 1862 829 1925 neque
848 1841 914 1906 ullo
934 1839 1029 1904 modo
1046 1839 1187 1906 alterum

178 1934 218 1998 ab
235 1933 336 1997 altero
352 1932 426 2014 cogi
440 1931 597 2012 potuisse:
619 1928 674 1992 sed
690 1929 717 1992 11
732 1929 870 1994 maxime
887 1927 1188 2014 [repromitterent],

175 2026 285 2086 tamen
308 2041 373 2084 non
397 2020 580 2102 oportuisse
601 2017 747 2100 emplius
775 2039 872 2102 quem
894 2019 998 2101 pertis
1026 2017 1189 2101 dimidiae,

177 2128 240 2193 quo
264 2109 401 2190 amplius
429 2129 470 2169 ne
498 2108 639 2170 extrario
667 2106 796 2190 quidem
820 2107 1003 2191 quisquam,
1031 2128 1105 2172 cnm
1132 2129 1189 2192 pa-

54 2270 59 2291 ,
174 2199 290 2260 11111111
324 2216 525 2260 communem
558 2193 755 2278 aedificaret,
792 2195 1016 2278 repromittere
1046 2195 1188 2260 deberet.

178 2285 246 2366 [sed
283 2283 434 2367 quoniam
470 2283 536 2348 iam
567 2282 600 2348 in
633 2288 740 2348 totum
772 2284 1045 2367 repromisissent,
1083 2306 1188 2365 omne,

176 2373 261 2458 quod
288 2372 472 2437 detrimenti
496 2395 535 2438 ex
558 2372 703 2438 mercede
726 2372 849 2436 uicinus
872 2372 1015 2456 fecisset,
1042 2377 1189 2456 praesta·

176 2459 316 2618 lurungg·
335 2548 416 2615 Ibid.
426 2552 446 2630 ξ
456 2550 476 2614 2
487 2549 536 2636 (P.
546 2546 591 2636 5).
613 2547 701 2614 Idem
715 2548 910 2632 consulebat,
924 2553 1085 2634 possetne,
1100 2553 1188 2635 quod

176 2642 217 2706 ob
242 2663 312 2705 eam
336 2661 405 2704 rem
429 2640 583 2722 dedisset,
606 2660 717 2704 rursus
740 2641 892 2722 repetere,
916 2638 1070 2724 quoniam
1093 2640 1188 2704 resti-

175 2731 306 2814 pulatus
330 2734 415 2794 esset
437 2751 458 2792 1
480 2729 596 2811 vicino,
620 2729 648 2792 si
672 2728 747 2812 quid
772 2728 812 2790 ob
837 2749 907 2790 eam
928 2749 1007 2805 rem,
1030 2729 1116 2813 quod
1140 2730 1188 2793 ibi

176 2815 1285 2901 1111111111111111111111111111111111111111111111111111,1

176 2929 249 2972 cum
278 2907 347 2970 et
338 2928 443 2988 rpsem
470 2906 553 2969 hanc
580 2907 765 2987 pecuniam,
796 2925 893 2988 quam
916 2866 1022 2990 deret,
1052 2912 1187 2990 propter

174 2996 254 3060 illud
283 3016 363 3077 opus
392 2994 548 3076 perderet
593 2993 783 3093 respondit
786 3014 851 3056 non
876 3015 986 3077 posse,
1012 2999 1188 3096 propterea

177 3084 252 3168 quia
274 3104 339 3146 non
361 3082 468 3166 operis
488 3083 576 3165 vitio,
600 3082 655 3146 sed
675 3103 713 3146 ex
733 3105 747 3145 e
749 3067 876 3164 trpulat
868 3104 940 3147 rone
958 3082 991 3146 id
1011 3084 1075 3148 ami
1076 3087 1187 3148 tteret

264 3169 1186 3326 8111311211.1111111111111111811111
1284 3153 1285 3200 3

176 3262 281 3345 primo
309 3258 349 3324 ad
373 3221 457 3324 edicl
443 3264 512 3324 tum
536 3220 585 3346 (P.
607 3255 716 3347 1753).
761 3257 851 3323 Idem
875 3256 1087 3326 Seruus
1021 3265 1108 3344 pu
1109 3261 1185 3344 t,si

176 3349 394 3416 controversia
412 3370 514 3434 aquae
532 3349 673 3414 insulam
693 3348 898 3434 subverterit,
919 3347 1031 3417 deinde
1051 3349 1185 3434 stipula·
1284 3431 1285 3434 Ἴ

175 3441 257 3504 toris
286 3437 430 3503 aedificic
453 3438 639 3521 ceciderint,
665 3437 748 3501 nihil
772 3459 845 3500 eum
868 3459 906 3501 ex
930 3439 1087 3523 stipulatu
1110 3460 1184 3504 con-

176 3532 373 3611 secuturum,
402 3527 478 3612 quie
505 3527 538 3591 id
566 3549 625 3592 nec
653 3527 758 3611 operis
786 3547 845 3590 nec
870 3525 933 3592 loci
956 3529 1034 3592 vitio
1061 3527 1184 3593 factum
