2600 3908
145 143 187 207 88
224 143 271 198 IV.
289 143 435 199 SEPTIMI
451 141 551 198 SAEC.
566 141 661 198 leals
677 141 852 198 CONSULT.
869 141 1156 197 statuentibus
1180 127 1183 131 ⁵

145 288 244 372 ‘liberi
262 311 321 370 mei
339 310 382 371 ibi
400 313 499 388 sunto,
517 311 570 370 ubi
588 329 639 371 eos
657 314 754 370 mater
774 303 949 391 (familiasll
970 327 1033 369 esse
1052 304 1156 370 volet'.

146 401 218 478 quid
249 400 366 460 Mucius
398 399 434 459 de
466 401 523 460 hoo
555 400 636 460 iusso
669 399 778 458 dixerit
810 418 945 475 quaeque
972 398 1156 476 Pomponius

60 521 61 524 ¹
146 489 297 566 adiecerit,
320 489 481 548 nescimus:
506 488 706 548 Tribouianus
727 507 805 548 nova
824 507 860 546 ex
878 487 1097 547 commentariis
1117 487 1157 546 ad

146 579 296 656 praetoris
320 577 450 637 edictum
476 581 596 653 sumpta
619 576 785 638 substituit.
827 577 862 637 cf.
882 576 949 654 Dig.
971 579 1021 652 27,
1037 579 1067 652 2,
1090 571 1156 635 ‘ubi

146 667 279 744 pupillus
313 666 434 726 educari
467 667 515 726 vel
547 667 657 726 morari
690 666 798 724 debeat
830 669 860 724 et
887 665 924 724 de
951 665 1101 724 alimentis
1130 663 1158 724 ei

147 747 358 832 praestandis’.

558 887 667 946 Liber
692 886 743 946 IX.

442 1003 488 1061 Dc
510 1003 662 1062 accolitus
685 1003 865 1062 actionibus?

236 1118 280 1178 De
299 1117 455 1188 noxalibus
474 1117 651 1194 actionibus,
671 1117 706 1176 de
726 1117 835 1194 quibus
854 1115 947 1176 Gaius
966 1117 1019 1186 IV,
1040 1121 1079 1179 75
1094 1138 1158 1196 sqq.

148 1208 282 1282 disserit,
310 1206 427 1266 Mucius
455 1205 511 1266 hoc
536 1206 613 1265 libro
636 1206 757 1266 videtur
780 1205 945 1282 scripsisse,
968 1225 1037 1265 nani
1060 1226 1159 1285 neque

148 1296 345 1372 Pomponium
367 1295 444 1354 libro
465 1294 591 1372 septimo
611 1295 724 1354 decimo
744 1288 791 1354 ‘de
810 1295 876 1370 lege
895 1289 1039 1373 Aquilia',
1062 1315 1158 1374 neque

148 1385 282 1444 Mucium
301 1385 356 1444 boc
371 1385 436 1444 loco
451 1377 499 1442 ‘de
513 1384 655 1461 pauperie
671 1387 701 1443 et
715 1383 751 1443 do
766 1385 833 1460 lege
847 1378 982 1460 Aquilia'
997 1383 1159 1464 scripsisse,

148 1475 181 1534 id
209 1473 287 1550 quod
310 1473 402 1532 Lonel
427 1473 506 1545 vult,
534 1473 611 1532 ratio
636 1473 733 1548 docet,
762 1491 838 1550 quae
861 1473 952 1531 rebus
975 1473 1049 1549 ipsis
1071 1474 1159 1546 inest,

150 1563 222 1640 quia
245 1563 280 1622 de
303 1563 403 1622 noxali
426 1562 567 1640 Aquiliae
591 1562 707 1620 actione
732 1561 842 1637 optime
865 1561 921 1621 hoc
943 1561 1020 1621 libro
1041 1561 1159 1622 Mucius

149 1652 277 1712 scribere
300 1653 409 1727 potuit.

239 1763 267 1827 1.
295 1760 334 1826 D.
354 1761 388 1845 9,
407 1761 441 1842 2,
460 1763 511 1826 31.
557 1759 647 1823 Idem
675 1756 824 1845 (Paulus)
853 1759 937 1824 libro
967 1760 1090 1825 decimo
1119 1761 1160 1825 ad

149 1849 304 1915 Sabinum
333 1847 381 1932 (P.
407 1846 537 1934 180712).
587 1845 622 1912 Si
653 1852 786 1931 putator
818 1869 856 1911 ex
889 1848 1004 1914 arbore
1034 1871 1161 1914 ramum

150 1960 223 2005 cum
246 1938 378 2004 deicerit
400 1937 453 2002 vel
476 1936 693 2001 machinarius
716 1935 880 2001 bominem
903 1942 1160 2020 praetereuntem

150 2027 276 2110 occidit,
299 2027 345 2090 ita
368 2029 506 2109 tenetur,
530 2025 557 2088 si
580 2025 608 2089 is
631 2025 665 2088 iu
688 2023 852 2108 publicum
876 2024 1002 2090 decidat
1025 2048 1084 2090 neo
1105 2026 1161 2091 ille

150 2115 367 2201 proclamarit,
390 2118 427 2178 ut
449 2135 541 2178 casus
564 2113 638 2177 inde
655 2113 778 2180 evitari
801 2115 913 2198 possit.
957 2115 1012 2180 sed
1035 2113 1161 2180 Mucius

151 2206 249 2269 etiam
278 2203 372 2286 dixit,
400 2203 426 2266 si
455 2201 489 2265 in
516 2204 644 2286 privato
671 2202 756 2267 idem
786 2203 969 2287 accidisset,
996 2226 1092 2289 posse
1120 2205 1160 2269 de
1266 2273 1270 2284 ,

151 2292 246 2377 culpa
273 2290 342 2378 agi:
370 2291 497 2374 eulpam
525 2294 633 2355 autem
663 2313 732 2356 esse
761 2291 846 2376 quod
869 2314 942 2356 curn
965 2315 985 2357 a
1008 2293 1161 2377 diligente

149 2379 312 2466 provideri
329 2382 458 2466 poterit,
476 2401 541 2444 uon
560 2384 647 2445 esset
665 2381 830 2464 provisum
850 2385 907 2445 aut
925 2385 993 2446 tum
1013 2381 1160 2447 denunti-

82 2469 83 2473 ’
150 2474 240 2535 atum
264 2473 363 2554 esset,
386 2491 458 2534 eum
481 2469 661 2554 perieulum
683 2469 797 2534 evitari
820 2491 886 2535 non
908 2471 1021 2554 possit.

163 2589 165 2595 '
239 2588 283 2650 Of.
297 2591 331 2650 D.
347 2591 399 2668 48,
413 2592 441 2666 8,
456 2593 483 2650 7.
510 2590 624 2650 Paulus
638 2589 715 2650 libro
730 2589 877 2668 singulari
891 2589 926 2648 de
941 2590 1069 2666 publicis
1078 2591 1160 2650 'iudi-

150 2681 203 2740 ciis
224 2675 269 2758 (P.
282 2675 382 2758 1266)
456 2681 480 2738 si
495 2681 676 2762 ...putator
696 2698 731 2738 ex
750 2679 856 2738 arbore
876 2698 945 2738 oum
963 2698 1081 2738 ramum
1099 2680 1161 2739 dei-

151 2771 240 2845 ceret,
254 2787 314 2827 non
327 2768 539 2844 praeclamarit
553 2772 584 2827 et
596 2771 839 2843 praetereuntem
854 2767 1004 2843 occiderit,
1019 2769 1056 2826 ad
1069 2769 1161 2828 huius

150 2856 225 2934 legis
250 2849 302 2937 (sc.
324 2855 479 2916 Corneliae
503 2857 539 2915 de
563 2849 693 2935 sicariis)
718 2856 925 2916 coercitionem
943 2876 1003 2916 non
1021 2858 1160 2933 pertinet.

239 2966 269 3029 2.
293 2963 331 3030 D.
351 2965 381 3050 9,
400 2966 429 3048 2,
447 2965 500 3030 39.
546 2965 742 3048 Pomponius
766 2965 849 3031 libro
873 2966 1012 3050 septimo
1037 2967 1161 3032 decimo

151 3053 191 3119 ad
216 3053 251 3130 Q.
269 3053 412 3142 Mucium
432 3051 482 3140 (P.
497 3051 585 3141 274).
619 3053 765 3130 ¹Quintus
785 3052 910 3119 Mucius
931 3055 1055 3120 scribit:
1079 3078 1162 3140 equa

151 3165 223 3207 oum
251 3143 283 3206 in
313 3142 416 3208 alieno
442 3146 641 3227 pasceretur,
668 3142 703 3206 in
727 3144 869 3226 cogendo
893 3142 976 3228 quod
1000 3165 1161 3230 praegnas

151 3235 223 3297 erat
251 3235 347 3296 eiecit.
393 3232 620 3316 quaerebatur,
648 3231 796 3296 dominus
823 3233 890 3296 eius
913 3239 1064 3315 possetne
1089 3255 1161 3298 cum

152 3343 189 3386 eo
218 3320 273 3406 qui
302 3320 461 3406 coegisset
488 3321 559 3405 lege
585 3319 717 3405 Aquilia
744 3342 854 3405 agere,
882 3321 957 3406 quia
985 3343 1098 3406 equam
1127 3322 1160 3386 in

152 3409 304 3475 eiciendo
332 3415 471 3494 ruperat.
518 3411 546 3474 si
574 3411 787 3494 percussisset
814 3414 871 3474 eut
895 3409 1043 3475 consulto
1068 3411 1161 3474 vehe-

151 3500 291 3564 mentius
315 3498 448 3584 egisset,
471 3499 577 3565 visum
599 3503 649 3565 est
672 3521 768 3586 agere
791 3521 895 3582 posse.
