2602 3912
112 188 135 239 2.
155 182 185 236 P.
202 181 308 236 LICIN.
325 179 481 236 CRASSUS
501 213 533 222 —
554 188 578 237 3.
597 181 1040 262 0011000111100100
1080 184 1120 247 13

215 448 255 530 3.
295 451 426 525 SEXT.
455 453 626 526 AELIUS
654 454 839 527 PAUTUS
868 455 1019 528 OATUS

200 615 305 674 aedilis
332 615 446 673 curulis
473 609 634 693 554l200‚
664 616 803 677 duumvir
831 617 963 676 coloniae
991 617 1122 677 Narniae

112 704 266 782 augendae
291 698 448 783 559s199,
473 723 530 762 000.
553 707 709 784 5561198,
733 723 838 764 censor
863 699 1019 784 560(194.

199 793 327 852 Aeliana
354 793 455 851 studia
482 791 584 852 Cicero
613 795 649 851 de
678 813 718 851 01.
745 797 777 871 1,
797 796 852 866 43,
873 797 912 854 93
946 813 1006 854 non
1033 795 1122 854 huius

113 881 191 940 Aelii
225 882 277 939 sed
304 881 338 939 L.
362 881 442 940 Aelii
470 881 592 940 Stilonis
625 881 704 942 dicit.
751 886 884 942 ceterum
917 883 952 941 de
980 883 1063 940 Sexti
1093 887 1123 942 et

112 971 146 1028 de
168 969 293 1028 Caecilii
315 971 364 1031 vel
383 969 476 1028 Caelii
499 971 548 1030 vel
566 971 647 1029 Aelii
668 971 837 1030 nominibus
862 990 950 1047 saepe
974 990 1041 1030 cum
1060 991 1121 1030 am·

111 1059 242 1136 bigatur,
262 1059 465 1134 quaestionem
486 1077 556 1117 sane
575 1059 782 1118 difficillimam
801 1061 904 1136 paucis
923 1061 971 1118 hic
989 1063 1120 1138 tangam.

202 1147 319 1224 Sextus,
342 1167 430 1222 quem
449 1147 596 1222 Ulpianus
619 1149 696 1206 libro
721 1149 967 1226 quinquagesimo
989 1150 1026 1207 ad
1045 1149 1122 1208 edic·

110 1240 176 1296 tum
205 1236 241 1294 D.
262 1239 317 1304 29,
337 1239 370 1308 5,
392 1239 408 1295 1
434 1233 510 1310 §27
539 1237 644 1294 laudat
672 1232 729 1314 l‘et
757 1239 801 1296 ait
831 1237 951 1316 Sextus,
985 1238 1027 1297 sic
1057 1257 1120 1296 esse

111 1345 198 1402 saepe
221 1325 385 1383 iudicatum
411 1318 498 1404 ...'),
521 1344 582 1384 uon
604 1325 718 1402 Aelius,
745 1326 797 1384 sed
819 1327 930 1385 Pedius
954 1331 1007 1398 est,
1032 1347 1121 1401 quem

111 1415 260 1490 Ulpianus
288 1414 326 1471 ad
354 1414 484 1472 edictum
509 1413 626 1488 saepius
650 1415 763 1490 allegat
787 1407 916 1494 (Paling.
940 1420 967 1490 1,
989 1418 1017 1488 2,
1042 1418 1070 1492 3,
1092 1419 1121 1493 4,

113 1506 142 1580 5,
157 1505 186 1578 6,
202 1506 220 1562 7
237 1493 299 1582 al),
323 1505 353 1560 01
373 1502 492 1578 quidem
511 1521 570 1560 non
590 1503 687 1560 solum
704 1503 823 1561 nomine
842 1503 935 1578 Pedii,
958 1505 1009 1562 sed
1029 1501 1122 1562 etiam

113 1592 215 1650 Sexti
234 1591 319 1648 Pedii
339 1585 469 1666 (Paling.
485 1581 551 1672 32),
571 1591 615 1648 ita
634 1594 675 1650 ut·
689 1611 756 1649 eum
775 1591 935 1667 aliquoties
955 1593 1046 1650 etiam
1065 1593 1121 1651 sub

112 1681 174 1740 solo
198 1679 283 1739 Sexti
304 1680 424 1738 nomine
449 1680 595 1757 allegasse
618 1680 769 1754 putandus
793 1679 840 1738 slt.

199 1769 336 1828 Eundem
359 1767 484 1826 Pedium
513 1773 543 1826 01
567 1767 715 1844 Ulpianus
742 1768 819 1828 libro
843 1769 983 1828 vicesimo
1007 1769 1045 1826 ad
1069 1768 1122 1826 Sa·

111 1858 215 1916 binum
239 1853 285 1934 (D.
302 1859 353 1933 30,
369 1859 409 1916 32
435 1851 512 1915 ‘lam
537 1857 644 1916 Sextus
668 1877 758 1934 quam
782 1858 962 1932 Pomponius
986 1851 1120 1936 putant')

112 1950 142 2004 et
165 1945 259 2004 Gaius
283 1945 325 2023 11,
346 1947 409 2004 218
434 1938 578 2025 (Iuliano
607 1950 637 2004 01
661 1947 750 2004 Sexto
773 1939 914 2025 placuit')
939 1945 1121 2023 significant3

111 2033 260 2111 Ulpianus
294 2035 384 2092 etiam
417 2034 447 2092 in
480 2034 565 2093 libris
598 2035 636 2092 ad
664 2035 794 2094 edictum
823 2035 947 2093 Pedium
976 2041 1005 2094 et
1035 2036 1120 2094 Pom·

112 2125 235 2199 ponium
263 2123 418 2198 coniungit
447 2115 495 2204 (D.
514 2125 544 2198 4,
564 2125 592 2200 8,
614 2125 631 2180 1
655 2145 699 2199 pr.
729 2118 854 2182 ‘Pedius
880 2124 958 2182 libro
986 2143 1063 2183 nono
1093 2127 1122 2182 01

112 2212 295 2287 Pomponius
317 2212 394 2271 libro
417 2212 592 2288 trigensimo
615 2214 704 2271 tertio
729 2206 889 2289 scribunt⁵3
916 2213 952 2271 D.
968 2215 1018 2290 43,
1036 2215 1118 2281 24,1

113 2298 167 2376 §6
193 2295 322 2358 ‘Pedius
345 2303 376 2359 et
398 2300 580 2375 Pomponius
604 2293 777 2382 scribunt').

202 2387 377 2464 Caecilium,
411 2387 558 2462 (laelium,
589 2389 708 2448 Aelium
740 2393 821 2448 certe
849 2389 1032 2466 distinguere
1061 2409 1121 2448 non

113 2496 230 2553 semper
252 2495 417 2552 possumus.
455 2471 640 2536 ‘Caecilium'
660 2479 764 2537 multis
783 2477 864 2537 locis
876 2477 940 2536 Sex.
960 2476 1123 2537 Caecilium

112 2567 290 2626 Africanum
318 2584 382 2624 esse
411 2566 543 2624 dubitari
570 2570 686 2644 nequit:
721 2567 773 2626 sed
803 2567 871 2626 aliis
899 2566 1022 2641 Ulpiani
1049 2567 1122 2624 locis

113 2655 306 2714 haesitamus.

201 2744 306 2815 1121,
324 2741 451 2820 1,14‘§
469 2746 508 2802 10
537 2763 573 2801 01
599 2743 676 2802 111010
704 2743 800 2819 primo
829 2743 865 2800 ad
890 2742 1019 2801 edictum
1043 2743 1121 2801 aedi-

112 2833 187 2890 lium
219 2833 366 2890 curulium
399 2834 472 2891 haec
503 2832 607 2891 habet:
641 2825 679 2890 ‘si
713 2833 890 2891 nominatim
922 2832 1043 2890 morbus
1073 2851 1121 2890 ex·

113 2924 218 2996 ceptus
241 2939 301 2980 non
320 2921 360 2978 sit
378 2913 432 3001 (sc.
451 2922 481 2979 in
502 2921 650 2995 emptione
671 2913 774 3000 servi),
793 2921 863 2979 talis
882 2924 982 2978 tamen
1001 2921 1122 2980 morbus

114 3010 166 3086 sit,
194 3009 247 3085 qui
276 3009 412 3068 omnibus
439 3010 540 3086 potuit
568 3028 724 3084 apparere,
823 3010 887 3068 eius
916 3009 1034 3068 nomine
1063 3029 1122 3068 non

113 3099 209 3158 teneri
237 3096 383 3156 Caecilius
416 3093 478 3157 ait'.
530 3117 597 3156 cum
624 3097 771 3172 Ulpianus
799 3099 855 3158 hoc
882 3098 959 3156 libro
988 3096 1122 3157 Caelium

114 3187 257 3247 Sabinum
273 3191 424 3264 sequatur,
439 3206 526 3263 quem
540 3187 589 3245 hic
599 3186 741 3246 Sabinum
755 3187 817 3246 11110
831 3185 965 3246 Caelium
980 3187 1123 3263 nominat,

114 3281 144 3336 et
166 3295 277 3336 nomen
295 3273 390 3334 Uaelii
412 3280 548 3334 nostrum
571 3276 669 3334 locum
693 3279 723 3334 01
747 3276 903 3334 antecedat
922 3279 950 3334 01
970 3278 1123 3352 sequatur,

113 3364 248 3425 Caelium
271 3364 461 3424 scribendum
484 3383 548 3422 esse
572 3367 705 3439 apparet.

201 3455 239 3513 D.
254 3456 307 3531 33,
323 3456 385 3526 9,3
411 3451 465 3528 §8
494 3471 529 3511 01
557 3452 634 3511 111010
658 3453 797 3511 vicesimo
821 3451 950 3510 secundo
974 3452 1012 3510 ad
1038 3451 1122 3509 Sabi·

113 3563 183 3603 num
214 3545 288 3602 haec
317 3541 420 3600 habet:
454 3537 573 3600 ‘Sextus
602 3543 702 3600 autem
731 3540 878 3600 Caecilius
907 3540 997 3597 etiam
1019 3541 1070 3597 tus
1094 3543 1124 3597 01
