2598 3910
496 215 536 263 12.
558 207 587 264 O.
602 207 734 264 ATEIUS

445 440 513 522 12.
552 445 588 518 0.
617 444 791 518 ATEIUS

197 607 295 667 Servii
327 607 446 666 auditor
478 600 676 683 (Pomponius
695 604 715 682 ἓ
735 599 806 689 44),
838 607 966 667 fortasse
999 606 1029 668 Ο.
1048 607 1120 667 Atei

104 697 263 774 Capitonis
285 700 381 774 pater,
408 691 533 775 699s55
557 696 697 755 tribunus
720 696 826 774 plebis,
849 698 954 772 postea
978 688 1118 777 (fortasse

108 781 250 865 702J52)
273 788 403 862 praetor.

197 874 228 934 O.
257 873 364 933 Ateius
397 893 415 932 a
445 873 609 949 Pomponio
641 873 720 932 inter
752 891 803 933 eos
835 872 933 934 Servii
967 875 1119 936 auditores

105 965 247 1040 refertur,
275 963 327 1040 qui
350 963 551 1038 praeceptoris
574 980 718 1038 responsa
740 963 826 1022 libris
849 965 1119 1040 promulgaverunt

104 1071 293 1130 quorumque
312 1051 383 1110 libri
398 1052 436 1110 ab
450 1050 571 1110 Aufidio
585 1050 720 1110 Namusa
733 1052 765 1110 in
778 1071 871 1110 unum
887 1071 995 1128 corpus
1010 1053 1119 1130 digesti

105 1143 188 1202 sunt.
233 1141 266 1199 in
292 1140 453 1200 Iustiniani
480 1140 614 1215 Digestis
642 1160 709 1198 cum
737 1160 962 1216 nonnumquam
987 1135 1117 1202 ‘Ateius'

105 1231 249 1290 laudetur
262 1220 315 1311 (D.
326 1231 376 1308 23,
391 1231 420 1306 3,
438 1231 492 1304 79,
507 1231 558 1306 32,
574 1230 626 1306 30,
642 1231 676 1306 6,
691 1231 742 1306 34,
758 1231 786 1306 2,
802 1232 853 1308 39,
869 1233 902 1306 2,
918 1232 969 1306 39,
985 1233 1014 1306 3,
1030 1233 1058 1310 2,
1073 1223 1119 1312 4),

106 1319 273 1397 quaeritur,
291 1321 393 1377 utrum
411 1321 499 1393 pater
517 1337 555 1376 an
574 1317 654 1376 iilius
669 1318 718 1378 sit.
749 1319 829 1378 hunc
844 1319 995 1396 designari
1009 1323 1119 1396 putant

104 1408 231 1468 Pernice
267 1407 367 1467 Labeo
391 1407 420 1483 Ι,
443 1409 485 1466 82
517 1426 546 1464 n.
570 1409 588 1464 2
627 1407 750 1484 aliique,
787 1426 831 1467 ex.
862 1428 907 1484 gr.
938 1399 1119 1468 ’8611666661-

106 1496 206 1557 Glllclr
225 1496 330 1574 XLIX,
346 1499 423 1572 606,
451 1497 568 1571 patrem
593 1513 664 1554 vero
687 1495 829 1556 Karlowa
850 1496 874 1574 Ι,
895 1498 959 1556 684
983 1500 1014 1556 66
1036 1500 1119 1557 recte

105 1585 241 1662 quidem:
265 1603 335 1643 nam
358 1585 438 1660 apud
461 1585 642 1653 Labeonem,
666 1584 718 1658 qui
740 1585 773 1642 in
795 1585 1009 1660 posterioribus
1032 1586 1119 1646 libris

105 1667 253 1734 ‘Ateium'
276 1677 325 1733 ter
346 1673 466 1750 laudat,
493 1673 566 1731 haec
589 1672 734 1749 legimus:
762 1666 881 1732 ‘Ateius
906 1673 1026 1749 scripsit
1052 1674 1117 1734 Ser·

104 1764 192 1824 vium
220 1756 420 1838 respondisse'
444 1753 495 1844 (D.
511 1763 562 1837 23,
578 1763 607 1837 3,
623 1764 674 1835 79,
690 1755 723 1840 1)
756 1761 806 1822 vel
833 1755 951 1820 ‘Ateius
980 1761 1118 1824 Servium

105 1852 297 1928 respondisse
330 1845 444 1911 scribit'
477 1845 527 1926 (D.
543 1852 595 1929 34,
610 1852 639 1928 2,
655 1852 704 1922 39,
722 1841 756 1931 2)
802 1850 846 1909 ita
877 1854 913 1910 ut
941 1850 1038 1912 Servii
1067 1871 1119 1911 au-

106 1942 236 2000 ditorem
273 1940 425 2018 designari
459 1939 629 2018 videamus3
665 1939 755 1999 tertio
792 1958 910 2016 quoque
942 1939 1021 2016 loco,
1059 1961 1117 2018 quo

105 2031 232 2089 Ateium
255 2030 370 2106 aliquid
393 2023 544 2088 ‘scribere'
563 2029 664 2088 Labeo
683 2028 785 2105 refert,
803 2028 929 2087 eundem
950 2029 1119 2088 auditorem

104 2119 290 2178 intellexisse
315 2119 469 2195 putandus
493 2120 546 2176 est.
591 2117 721 2176 Paulum
743 2136 827 2194 vero,
856 2117 910 2193 qui
933 2120 1041 2194 quarto
1064 2119 1117 2178 illo

105 2210 173 2267 loco
195 2201 349 2266 ‘Ateium’.
364 2207 469 2265 laudat
487 2200 533 2286 (P.
550 2208 623 2283 632,
638 2200 674 2285 4)
697 2211 728 2266 66
750 2206 830 2282 apud
853 2206 980 2265 cundem
1004 2207 1118 2284 aliquid

106 2289 270 2355 ‘relatum’
294 2315 358 2356 6666
381 2295 489 2373 tradit,
511 2313 570 2354 non
594 2295 688 2354 alium
711 2295 857 2371 respicere
880 2299 1019 2371 apparet:
1047 2316 1117 2356 nam

105 2388 138 2444 et
161 2389 251 2444 antea
273 2389 304 2444 et
325 2387 431 2460 postea
449 2384 619 2443 Labeonem
641 2384 754 2459 laudat,
778 2403 794 2442 6
815 2384 903 2444 cuius
922 2384 1016 2461 libris,
1040 2405 1116 2460 quae

106 2473 144 2532 de
164 2474 253 2534 Ateio
271 2475 375 2551 tradit,
397 2473 517 2533 videtur
535 2472 742 2546 desumpsisse.
788 2473 882 2530 Lenel
895 2473 911 2530 Ι
925 2476 979 2533 661.
997 2477 1080 2534 7111.
1099 2479 1114 2532 1

105 2563 263 2622 consentit.
299 2563 443 2639 Antaeus,
467 2563 519 2638 qui
538 2580 557 2619 a
574 2561 669 2620 Paulo
688 2553 740 2641 (D.
755 2563 806 2636 39,
818 2563 847 2636 3,
861 2553 967 2642 l4pr.)
985 2563 1118 2620 nomina-

104 2655 170 2724 tur,
193 2670 254 2710 non
277 2652 354 2710 alius
378 2655 469 2726 atque
492 2649 599 2708 Ateius
622 2649 777 2708 habendus
801 2652 856 2725 est,
882 2650 934 2726 qui
956 2650 989 2707 in
1011 2650 1118 2709 iisdem

105 2740 195 2800 Pauli
218 2741 303 2800 libris
326 2741 364 2799 ad
387 2741 518 2799 edictum
540 2737 699 2797 invenitur.

534 3016 586 3029 ...
604 2969 692 3028 libri

468 3097 512 3151 Dc
531 3103 644 3167 orpeoto
662 3097 757 3165 lopato.

198 3215 227 3279 1.
264 3212 303 3278 D.
330 3214 386 3296 34,
405 3214 443 3296 2,
466 3213 522 3297 39,
540 3215 571 3278 2.
634 3212 812 3279 Jsvolenus
853 3212 936 3277 libro
979 3213 1117 3278 secundo

105 3305 322 3390 posteriorum
345 3302 506 3367 Labeonis
529 3298 578 3389 (P.
600 3298 687 3388 185).
733 3302 848 3366 Ateius
877 3298 1025 3365 Servium
1053 3323 1116 3365 res·

105 3393 260 3476 pondisse
293 3391 418 3475 scribit,
451 3390 501 3456 cui
533 3396 716 3476 argentum,
749 3389 835 3475 quod
866 3391 901 3452 in
931 3389 1115 3454 Tusculano

106 3481 207 3546 fundo
245 3503 317 3546 cum
350 3483 527 3545 moreretur
558 3479 738 3564 habuisset,
773 3479 916 3563 legatum
948 3481 1047 3560 66666,
1084 3483 1118 3544 66

107 3571 193 3656 quod
227 3574 399 3654 antequam
431 3576 622 3652 moreretur,
655 3590 693 3632 cx
724 3568 804 3632 urbe
835 3567 870 3630 in
899 3565 1117 3632 Tusculanum
