2600 3908
403 184 426 233 1.
450 177 487 233 n.
505 175 709 233 nuenarius
729 177 851 233 unaco
1070 175 1134 242 125

11 403 12 436 3
116 367 154 408 ex
191 366 252 424 quo
289 346 430 422 disceret,
466 346 539 422 quid
571 347 670 406 facere
702 346 860 424 dicereque
892 347 1028 424 deberet,
1065 366 1133 407 cum

118 440 260 498 senatum
293 437 468 496 consuleret.
519 455 588 495 eum
614 436 725 496 librum
752 435 1011 510 commentarium,
1045 455 1135 512 quem

117 545 210 602 super
234 544 271 584 ea
292 543 325 583 re
343 525 485 602 Pompeio
509 525 631 602 fecerat,
653 525 765 600 perisse
783 523 879 584 Varro
904 525 947 583 ait
965 525 997 582 in
1014 525 1134 604 litteris,

117 633 195 694 quas
218 614 257 673 ad
276 612 445 690 Oppianum
463 613 555 691 dedit,
577 633 653 690 quae
672 613 793 672 suntin
811 613 888 673 libro
907 613 1134 688 epistulicarum

118 703 333 782 quaestionum
351 706 466 780 quarto,
490 703 648 778 inquibus
667 702 785 777 litteris,
808 701 950 778 quoniam
967 721 1045 778 quae
1064 705 1134 762 ante

118 795 284 870 scripserat
306 809 365 851 non
387 791 612 868 comparebant,
635 790 723 851 docet
745 809 865 851 rursum
888 791 984 850 multa
1007 792 1045 850 ad
1068 811 1134 851 eam

118 901 183 942 rem
207 875 370 940 ducentia?

214 967 242 1028 1.
264 964 347 1029 Ibid.
369 965 400 1028 4.
416 963 446 1028 5.
469 997 511 1010 --
535 963 681 1028 Primum
713 963 760 1028 ibi
787 964 893 1048 ponit,
921 965 976 1048 qui
1003 963 1135 1047 fuerint,

120 1077 178 1138 per
202 1072 284 1137 quos
307 1075 397 1118 more
420 1054 579 1118 maiorum
598 1057 728 1117 senatus
746 1051 861 1117 haberi
880 1054 997 1118 soleret
1015 1075 1134 1138 eosque

120 1144 281 1209 nominat:
300 1142 491 1207 dictatorem
511 1143 658 1206 eonsules
674 1145 841 1226 praetores
855 1141 1005 1206 tribunos
1019 1142 1134 1226 plebis,

119 1233 317 1316 interregem
350 1230 548 1314 praefectum
579 1231 666 1314 urbi,
700 1252 802 1314 neque
833 1231 889 1294 alii
916 1235 1047 1315 praeter
1074 1232 1134 1296 hos

120 1323 170 1386 ius
198 1321 300 1384 fuisse
324 1319 404 1383 dixit
426 1319 531 1385 facere
554 1320 882 1401 senatusconsultum,
906 1320 1032 1402 quoties
1056 1342 1133 1383 usus

121 1411 276 1492 venisset,
307 1412 344 1472 ut
377 1429 489 1472 omnes
521 1408 577 1472 isti
609 1409 821 1492 magistratus
849 1409 960 1472 eodem
988 1414 1135 1492 tempore

122 1499 246 1564 Romae
274 1501 396 1580 essent,
423 1501 493 1561 tum
522 1517 584 1580 quo
614 1519 711 1579 supra
738 1496 849 1561 ordine
878 1497 992 1580 scripti
1018 1501 1135 1576 esseut,

123 1589 178 1673 qui
197 1605 310 1654 eorum
327 1587 417 1670 prior
435 1585 509 1650 aliis
529 1589 622 1674 esset,
642 1587 671 1649 ei
688 1585 893 1669 potissimum
912 1589 1043 1650 senatus
1061 1608 1135 1652 oon·

123 1675 249 1742 sulendi
276 1675 328 1740 ius
354 1675 456 1740 fuisse
485 1674 544 1755 ait,
573 1675 685 1740 deinde
709 1674 964 1739 extraordinario
987 1675 1054 1738 iure
1077 1674 1134 1738 tri·

122 1767 226 1830 bunos
254 1785 381 1850 quoque
410 1763 581 1849 militares,
609 1765 664 1848 qui
691 1785 750 1848 pro
779 1763 964 1828 consulibus
986 1761 1134 1846 tuissent,

122 1855 200 1919 item
219 1853 425 1936 decemviros,
444 1852 560 1936 quibus
578 1853 752 1936 imperium
771 1851 938 1916 consulare
956 1855 1027 1916 tum
1042 1856 1135 1935 esset,

122 1944 202 2008 item
233 1944 331 2006 trium
362 1942 463 2006 viros.
477 1942 525 2005 rei
551 1942 701 2026 publicae
732 1940 1009 2006 reconstituendae
1037 1961 1135 2006 eausa

123 2035 251 2097 creatos
274 2031 324 2095 ius
347 2031 534 2096 consulendi
557 2035 705 2095 senatum
728 2029 888 2095 habuisse.

211 2121 242 2185 2.
264 2119 345 2184 Ibid.
365 2120 395 2184 6.
420 2155 459 2166 --
484 2119 603 2185 Postea
629 2119 744 2204 scripsi
788 2119 827 2184 de
850 2119 1134 2183 intercessionibus

124 2210 269 2294 dixitque
291 2207 519 2292 intercedendi,
541 2230 582 2272 ne
606 2212 736 2273 senatus
759 2208 944 2273 consultum
961 2207 1063 2292 fieret,
1085 2208 1135 2273 ius

123 2299 224 2363 fuisse
265 2297 305 2362 iis
343 2297 435 2380 solis,
471 2297 528 2381 qui
564 2297 675 2362 eadem
707 2300 882 2381 potestate,
919 2319 984 2381 qua
1017 2297 1043 2360 ii
1079 2297 1135 2382 qui
1188 2359 1190 2363 ,

123 2387 440 2452 senatusconsultum
462 2385 568 2451 facere
590 2385 724 2468 vellent,
747 2387 909 2450 maioreve
933 2381 1050 2452 essent.

214 2477 243 2540 3.
266 2474 348 2539 lbid.
369 2475 398 2538 7.
422 2513 464 2521 —
488 2481 569 2539 Tum
592 2474 765 2559 adscripsit
788 2475 827 2538 de
849 2475 939 2556 locis,
962 2473 1135 2558 inquibus

124 2568 257 2630 senatus
289 2565 473 2629 consultum
505 2563 575 2628 fieri
607 2565 677 2627 iure
709 2563 829 2646 possit,
861 2562 1033 2645 docuitque
1061 2584 1136 2626 ccu-

123 2653 338 2737 firmavitque,
360 2653 424 2718 nisi
446 2655 480 2716 in
498 2653 568 2717 loco
587 2674 645 2736 per
664 2672 819 2736 augurem
838 2650 1027 2734 constitute,
1050 2651 1136 2734 quod

122 2743 284 2826 templum
307 2742 532 2826 appellaretur,
556 2741 873 2806 senatusconsultum
896 2739 1016 2803 factum
1042 2743 1138 2823 esset,

123 2833 247 2896 iustum
275 2830 308 2894 id
330 2851 396 2895 non
419 2831 528 2894 fuisse.
574 2833 745 2914 propterea
768 2831 802 2894 et
823 2829 857 2892 in
880 2828 969 2894 curia
991 2825 1137 2893 Hostilia

123 2927 158 2986 et
181 2921 214 2984 in
234 2918 388 3002 Pompeia
411 2923 541 3003 etpost
563 2919 597 2982 in
619 2917 716 3002 Iulia,
743 2939 816 2982 cum
839 2917 977 3002 profana
1003 2939 1043 2982 ea
1065 2918 1137 2983 loca

123 3009 273 3090 fuissent,
295 3009 418 3094 templa
440 3029 511 3074 esse
534 3029 591 3092 per
613 3029 752 3093 augures
776 3007 961 3090 constituta,
985 3011 1021 3071 ut
1041 3007 1136 3072 iniis

124 3101 258 3164 senatus
290 3097 439 3162 consulta
464 3119 560 3162 more
592 3097 751 3161 maiorum
781 3097 869 3161 iusta
896 3096 966 3160 fieri
992 3099 1137 3180 possent.

123 3189 210 3252 inter
241 3207 323 3270 quac
356 3186 389 3250 id
417 3208 545 3272 quoque
573 3187 728 3272 scriptum
755 3185 899 3270 reliquit,
931 3206 997 3249 non
1025 3207 1136 3249 omnes

125 3277 220 3341 aedes
245 3295 351 3340 sacras
375 3275 497 3360 templa
519 3296 589 3339 ease
613 3296 650 3341 ao
672 3296 713 3338 ne
738 3275 849 3340 aedem
868 3273 998 3359 quidem
1016 3272 1137 3337 Vestae

123 3365 282 3449 templum
305 3385 385 3429 esse.

213 3453 294 3518 Ibid.
313 3453 342 3518 8.
364 3489 401 3500 -
423 3453 503 3518 Post
525 3452 606 3518 haee
629 3452 779 3536 deinceps
802 3450 889 3536 dicit,
911 3455 1042 3515 mustus
1061 3471 1136 3515 con·

125 3544 249 3610 sultam
273 3545 347 3608 ante
371 3545 518 3607 exortum
543 3546 599 3607 aut
621 3545 698 3626 post
721 3561 870 3606 occasum
892 3539 994 3604 solem
1011 3537 1136 3604 factum
