2600 3908
174 211 237 276 118
277 213 310 268 v.
333 211 478 267 serum
494 211 893 268 srec.1us1sconsunr.
909 211 1034 267 seems
1050 212 1184 268 resur
1287 163 1289 228 l

39 425 43 432 »
169 381 262 442 verbe
285 382 461 441 ostendunt:
486 375 659 456 ‘stipulatus
679 383 725 440 est
743 381 841 440 Aulus
859 380 999 459 Agerius,
1023 381 1184 457 spopondit
1288 427 1289 456 ,

169 470 333 530 Numerius
361 463 530 547 Negidius'.
582 469 736 546 Aquillius
767 488 838 530 vero
867 471 1028 530 formulam
1055 470 1185 546 primum
1287 471 1289 542 ξ

167 559 216 618 ite
247 560 310 618 fere
342 558 503 619 conclusit:
540 551 669 618 ‘tentem
705 558 862 634 pecuniam
894 559 966 618 dere
998 558 1184 635 Spondesne?

169 641 324 724 spondeo'.
366 648 495 707 secunde
517 647 649 706 formula
671 647 743 706 telis
764 648 826 706 fere
845 650 922 708 eret:
948 642 1184 724 ‘quidquidtibi
1288 655 1289 720 3

169 735 259 796 hodie
282 735 446 814 spopondi,
469 736 601 795 habesne
623 735 800 812 acceptum?
844 735 939 796 habeo
963 731 1139 812 acceptum'.
1288 819 1289 828 ¹

258 847 288 910 3.
316 845 356 911 D.
375 847 429 930 28,
443 847 474 929 2,
488 846 530 910 29
541 869 589 931 pr.
627 843 781 910 Scaevola
798 846 882 911 libro
903 849 993 911 sexto
1013 844 1183 920 Quaestio·
1288 841 1289 908 i

78 1007 79 1011 ,
168 957 247 998 num
258 931 308 1021 (P.
321 931 409 1021 157).
433 933 545 998 Gallus
560 936 606 1000 sic
620 956 716 1018 posse
731 935 858 999 institui
866 938 1037 1020 postumos
1048 940 1183 1020 nepotes
1288 923 1289 972 l

168 1023 310 1088 induxit:
333 1023 374 1087 ‘si
396 1023 484 1088 filius
506 1045 595 1088 meus
613 1024 688 1088 vivo
707 1045 758 1087 me
777 1025 940 1110 morietur,
963 1028 1042 1089 tunc
1061 1025 1089 1088 si
1109 1025 1182 1108 quis
1208 1031 1216 1046 '
1288 1049 1289 1054 ¹

169 1111 251 1175 mihi
275 1133 313 1176 ex
333 1134 370 1176 eo
390 1134 492 1196 nepos
512 1113 579 1176 sive
598 1133 679 1195 quae
698 1112 806 1195 neptis
825 1116 1059 1197 postmortem
1077 1134 1184 1178 mecm

169 1201 205 1264 in
229 1201 337 1266 decem
356 1202 523 1266 mensibus
542 1201 707 1285 proximis,
731 1201 848 1286 quibus
867 1200 953 1266 filius
972 1223 1062 1266 meus
1081 1223 1184 1267 more-

169 1293 271 1371 retur,
293 1293 391 1354 natus
413 1293 493 1354 neta
516 1290 591 1373 erit,
612 1289 748 1355 heredes
773 1288 891 1355 sunto'.

260 1410 338 1470 lbid.
356 1407 376 1486 ξ
396 1413 425 1470 2.
469 1409 555 1470 Idem
577 1410 756 1471 eredendum
780 1413 827 1470 est
850 1409 972 1470 Gallum
996 1411 1183 1471 existimasse
1288 1385 1289 1400 ἶ

168 1501 200 1560 et
228 1499 264 1558 de
291 1501 470 1576 pronepote,
499 1501 534 1558 ut
562 1500 643 1560 dicet
669 1503 811 1560 testator:
844 1494 889 1559 ‘si
916 1519 963 1561 me
990 1500 1059 1560 vivo
1089 1519 1182 1577 nepos

167 1587 303 1667 decedet,
326 1592 399 1648 tunc
421 1588 473 1665 qui
491 1608 527 1648 ex
546 1609 580 1649 eo
598 1583 759 1666 pronepos'
779 1593 809 1648 et
828 1592 936 1650 cetere.
978 1591 1014 1647 cf.
1033 1589 1070 1649 D.
1086 1591 1136 1662 28,
1154 1593 1182 1667 6,
1288 1597 1289 1610 ’

168 1679 270 1751 33,1.
316 1677 476 1738 Africanus
503 1678 581 1738 libro
609 1679 739 1737 secundo
767 1676 992 1747 Quaestionum.
1039 1677 1072 1738 Si
1100 1678 1182 1738 filius

167 1769 198 1826 et
230 1785 266 1825 ex
298 1785 333 1826 eo
364 1786 457 1843 nepos
489 1769 647 1842 postumus
676 1766 721 1825 ite
749 1766 874 1826 heredes
900 1765 1112 1844 instituentur,
1146 1772 1182 1826 ut

166 1855 252 1916 Gallo
275 1855 408 1932 Aquillio
432 1855 547 1931 placuit

535 2085 590 2143 ΙΠ.
617 2085 811 2160 Responsa.

255 2215 358 2277 Cicero
390 2236 444 2293 pro
477 2217 572 2277 Balbo
602 2219 653 2276 20.
704 2212 858 2277 ...‘n0s
892 2217 928 2276 de
961 2237 1040 2295 eque
1076 2223 1181 2279 nostra

167 2305 338 2365 Tusculana
365 2306 405 2365 M.
424 2306 591 2384 Tugionem
619 2307 720 2381 potius
749 2325 840 2382 quem
863 2304 1083 2384 nequiciam
1111 2327 1180 2367 con·
1288 2369 1289 2378 ,

165 2393 347 2473 sulebemus,
365 2395 445 2470 quod
464 2395 604 2454 assiduus
623 2413 696 2454 usus
716 2396 769 2454 uni
786 2396 831 2454 rei
848 2395 966 2455 deditus
981 2400 1012 2456 et
1025 2397 1181 2474 ingenium

166 2485 197 2544 et
220 2485 317 2543 artem
340 2501 428 2560 scope
451 2484 545 2544 vincit
564 2529 570 2543 .
586 2531 592 2542 .
608 2478 626 2542 .'

255 2593 297 2658 1⁸.
331 2591 395 2660 oio.
419 2595 458 2659 de
483 2595 535 2660 off.
559 2595 588 2679 3,
607 2595 660 2659 60.
689 2630 730 2641 -
760 2593 842 2660 Cum
871 2618 910 2661 ex
938 2617 975 2661 eo
1002 2594 1179 2682 (Aquillio)
1288 2613 1289 2618 ’

165 2686 373 2769 quaereretur
396 2684 471 2768 quid
495 2688 580 2749 esset
604 2684 698 2748 dolus
717 2685 831 2767 malus,
854 2685 1081 2769 respondebat,
1105 2707 1178 2750 cum

165 2775 253 2836 esset
276 2773 362 2837 eliud
386 2773 585 2856 simulatum,
609 2773 695 2836 eliud
718 2775 835 2838 ectum.

256 2857 299 2925 lb.
332 2859 396 2926 oio.
417 2860 455 2925 de
474 2866 539 2925 nst.
558 2862 643 2927 deor.
664 2863 693 2939 3,
714 2862 765 2926 14.
778 2897 823 2907 -
837 2859 939 2936 Quem
963 2862 1071 2926 dolum
1096 2859 1180 2947 (ma-

163 2945 247 3034 lum)
275 2949 359 3012 idem
383 2947 545 3032 Aquillius
573 2953 642 3013 tum
669 2951 772 3013 teneri
795 2953 903 3034 putet,
926 2972 998 3016 cum
1023 2951 1110 3015 eliud
1135 2952 1179 3017 sit

164 3037 368 3118 simulatum,
392 3037 480 3101 eliud
504 3041 622 3103 ectum.

254 3127 284 3190 2.
316 3125 355 3190 D.
375 3124 431 3209 50,
455 3126 508 3210 16,
529 3128 579 3190 ll.
618 3125 708 3190 Idem
732 3123 882 3214 (Paulus)
911 3128 996 3192 libro
1025 3129 1180 3211 quinqua·

165 3215 291 3299 gesimo
313 3235 399 3279 nono
424 3215 463 3279 ed
485 3216 625 3280 edictum
644 3214 693 3301 (P.
710 3213 798 3301 715).
835 3215 974 3302 Frugem
992 3239 1052 3301 pro
1071 3217 1178 3281 reditu

165 3303 1178 3479 lllsslllulll.⁸illoti„liltlllluulllll

164 3488 327 3566 vescetur,
354 3483 473 3548 falsum
503 3505 572 3548 esse
592 3532 625 3549 ..
647 3483 870 3550 ,frumentum
899 3487 1008 3549 autem
1036 3485 1069 3548 id
1097 3506 1177 3568 esse,

165 3573 251 3655 quod
274 3573 375 3638 erista
398 3595 431 3638 se
455 3576 578 3659 teneat,
601 3577 687 3638 recte
711 3573 838 3641 Gallum
862 3573 1021 3638 definisse.
