2614 3914
434 155 458 202 5.
484 147 513 203 C.
527 146 729 202 TREBATIUS
747 147 863 203 TESTA
1005 165 1022 200 -’
1088 149 1151 214 391

91 378 94 384 ,
140 310 228 394 puto'
252 317 288 376 D.
308 319 359 394 33,
379 319 407 390 2,
428 318 484 394 31,
511 309 623 376 ‘Labeo
649 319 680 376 et
703 316 862 376 Trebatius
885 319 998 395 negant
1097 337 1152 394 ego

138 409 246 466 contra
268 399 353 482 puto'
377 404 413 464 D.
431 407 480 482 18,
498 409 525 482 1,
541 407 596 480 79,
620 399 732 465 ‘Labeo
751 404 910 465 Trebatius
933 406 1153 482 respondenmt

217 513 273 572 ego
296 498 370 570 puto
395 486 436 554 ..⁹
459 493 495 552 D.
514 496 566 568 40,
583 497 610 568 7,
631 496 682 568 39,
698 497 726 553 2.

208 581 211 587 ’
231 584 281 642 An
303 583 437 642 Iulianus
459 583 492 642 11
514 582 673 642 1111111111
696 582 831 658 Digestis
851 583 1027 642 Trebatium
1049 583 1154 644 laudet

143 703 182 714 -
207 672 244 732 D.
265 675 338 749 6,1,
358 674 399 732 33
427 671 500 730 baec
527 671 639 730 habent
667 665 827 736 ‘aeriorem
855 674 944 748 putat
971 671 1153 748 Pomponius

139 761 276 822 Trebatii
305 760 473 837 opinionem
501 803 567 832 ...,
597 760 677 836 quod
705 763 736 819 et
758 760 876 820 Iuliano
899 755 1014 836 placet'
1038 791 1094 840 -,
1121 763 1154 820 in

139 853 256 909 incerto
280 847 508 926 relinquendum
530 852 584 909 est.

232 938 340 998 Sextus
348 957 417 998 vero
426 937 610 1014 Pomponius
620 937 755 998 Trebatii
765 937 928 998 sententias
938 957 1153 1014 nonnunquam

139 1027 299 1100 confirmat
318 1018 499 1108 (distinctio
514 1027 649 1086 Trebatii
662 1027 817 1103 probanda
831 1021 889 1086 est'
902 1025 938 1086 D.
951 1029 1001 1105 19,
1013 1029 1041 1104 1,
1059 1032 1107 1103 17,
1119 1031 1152 1104 3,

140 1109 259 1176 ‘verum
278 1119 332 1186 ast,
356 1115 435 1190 quod
454 1115 614 1174 Trebatius
632 1116 761 1192 putabat
779 1163 785 1176 .
802 1162 807 1175 .
824 1110 843 1176 .'
864 1115 900 1175 D.
915 1119 968 1190 41,
984 1119 1012 1194 6,
1028 1118 1062 1193 3,
1087 1112 1153 1176 ‘Oa-

139 1205 261 1264 scellius
276 1208 307 1263 et
316 1203 475 1264 Trebatius
489 1205 606 1282 putant,
623 1205 702 1281 quod
714 1223 818 1265 verum
834 1198 890 1264 est'
906 1204 943 1263 D.
953 1207 1005 1282 43,
1016 1207 1067 1282 24,
1080 1209 1107 1282 1,
1119 1208 1152 1281 7,

139 1287 259 1352 ‘Labeo
287 1293 392 1352 scribit
420 1337 480 1354 ...
509 1293 669 1352 Trebatius
693 1339 699 1352 .
720 1341 726 1354 .
751 1295 855 1352 contra
883 1293 1001 1370 scribit,
1028 1287 1152 1354 merito'

140 1380 176 1441 D.
197 1383 253 1454 33,
273 1386 306 1460 1,
326 1384 360 1458 3,
380 1384 413 1458 2,
441 1375 557 1440 ‘Labeo
586 1381 690 1440 scribit
718 1427 725 1442 .
746 1427 752 1440 .
780 1381 923 1442 Trebatio
950 1382 1068 1457 plaeere
1093 1425 1153 1462 ...,

140 1489 233 1547 quam
265 1471 444 1530 sententiam
476 1473 507 1529 et
538 1470 720 1546 Pomponius
750 1465 875 1546 probat'
907 1469 944 1530 D.
966 1473 1021 1548 18,
1044 1475 1076 1548 1,
1096 1475 1152 1549 45,

139 1553 300 1619 ‘veriorem
318 1562 407 1635 putat
420 1558 601 1634 Pomponius
617 1559 753 1618 Trebatii
772 1554 952 1634 opinionem'
966 1559 1003 1618 D.
1015 1564 1043 1636 6,
1057 1567 1083 1635 1,
1095 1562 1151 1636 33,

140 1641 352 1708 Trebatius..
367 1650 465 1723 putat,
485 1647 565 1724 quod
581 1647 764 1724 Pomponius
783 1647 884 1707 verius
903 1665 968 1707 esse
987 1644 1153 1708 existimat'

139 1737 176 1796 D.
197 1738 294 1814 34,5,
310 1728 381 1817 14),
408 1755 477 1795 raro
504 1736 592 1795 reicit
619 1729 643 1816 (‘
651 1729 811 1795 Trebatius
928 1755 984 1814 ego
1012 1737 1055 1796 sic
1077 1740 1152 1814 puto

139 1818 397 1903 distinguendum'
421 1824 458 1883 D.
477 1828 530 1903 41,
546 1827 596 1898 10,
613 1827 646 1902 8,
676 1819 848 1884 ‘Trebatius
871 1824 984 1886 ait...
1003 1825 1103 1885 Labeo
1124 1873 1153 1885 ..

138 1916 221 1974 11111
244 1907 348 1988 putat'
371 1914 405 1973 D.
423 1915 473 1991 28,
489 1915 518 1987 5,
534 1916 573 1972 21
585 1905 654 1994 pr).
1239 1917 1242 1924 '

229 2003 344 2062 Paulus
383 2021 502 2080 quoque
537 2002 672 2062 Trebatii
713 2002 877 2062 sententias
918 2001 1006 2062 modo
1043 2003 1153 2078 probat

139 2084 165 2171 (‘
173 2091 350 2150 Trebatium
383 2134 416 2150 ..
451 2091 641 2167 respondisse
676 2090 796 2151 Cassius
834 2090 967 2169 scripsit,
1004 2091 1086 2168 quod
1122 2096 1153 2152 et

83 2181 85 2186 '
138 2180 241 2240 verius
271 2173 328 2239 est'
355 2179 392 2238 D.
412 2181 463 2258 30,
479 2182 508 2257 5,
525 2171 574 2261 1),
600 2180 689 2240 modo
717 2199 786 2240 cum
811 2179 951 2240 Labeone
978 2180 1027 2240 vel
1049 2179 1151 2241 Prisco

139 2268 278 2328 Fulcinio
305 2268 456 2344 improbat
479 2261 667 2350 (Trebatius
692 2269 914 2346 probabat
939 2287 1028 2346 quem
1051 2269 1151 2330 Labeo

138 2356 332 2434 reprehendit
360 2401 425 2434 ...,
452 2357 533 2433 quod
561 2361 608 2416 est
629 2351 742 2418 verins’
767 2359 802 2417 D.
822 2360 874 2432 41,
890 2359 918 2435 2,
933 2359 962 2434 3,
978 2358 1011 2434 5,
1040 2351 1152 2419 ‘Labeo

137 2447 232 2506 refert
265 2491 297 2504 ..
331 2445 507 2505 Trebatium
541 2445 743 2522 respondisse,
781 2446 861 2523 quod
892 2445 1000 2504 merito
1031 2446 1151 2507 Priscus

138 2534 295 2594 Fulcinius
327 2535 438 2594 falsum
470 2552 535 2594 esse
567 2527 684 2594 aiebat'
715 2533 751 2592 D.
772 2536 823 2608 31,
842 2536 894 2612 49,
910 2527 953 2611 2).
1003 2533 1151 2609 Ulpianus

139 2624 268 2698 denique
301 2623 465 2683 sententias
499 2623 618 2699 saepius
646 2622 852 2698 comprobavit
879 2613 1071 2702 (Trebatius
1099 2623 1151 2696 ait,

139 2712 221 2790 quod
243 2731 349 2772 verum
372 2705 429 2771 est'
449 2712 484 2770 D.
501 2714 529 2788 9,
544 2713 573 2788 3,
588 2712 617 2789 5,
634 2705 666 2787 1,
690 2705 863 2770 ‘Trebatius
881 2711 925 2768 111
944 2756 950 2769 .
966 2753 973 2768 .
988 2755 1004 2786 .,
1028 2714 1060 2770 11
1077 2712 1152 2770 mihi

138 2801 261 2861 videtur
284 2790 362 2861 vera
377 2801 512 2860 Trebatii
536 2794 696 2860 sententia'
719 2799 755 2860 D.
772 2802 823 2878 21,
840 2801 867 2873 1,
884 2802 912 2876 6,
929 2801 962 2875 1,
985 2793 1150 2861 ‘distinctio

139 2889 275 2948 Trebatii
294 2889 448 2965 probanda
465 2882 523 2948 est'
542 2889 578 2948 D.
600 2891 692 2965 19,1,
713 2892 807 2967 17,2,
831 2882 977 2963 ‘exceptio
997 2887 1058 2948 doli
1076 2889 1151 2949 mihi

138 2978 283 3054 proderit,
302 2982 338 3037 ut
351 2977 492 3038 Trebatio
511 2979 639 3052 videtur,
659 2978 712 3054 qui
729 2981 820 3054 putat
835 2971 889 3038 ...'
903 2977 939 3036 D.
952 2979 980 3054 2,
994 2980 1042 3051 14,
1055 2981 1104 3052 10,
1117 2981 1150 3055 2,

138 3062 236 3143 ‘puto,
260 3069 291 3126 et
313 3067 357 3126 ita
380 3070 410 3126 11
428 3067 588 3126 Trebatius
610 3067 732 3127 videtur
755 3061 876 3126 sentira’
900 3065 936 3124 D.
955 3068 985 3142 4,
1001 3069 1030 3143 8,
1051 3069 1101 3142 21,
1117 3070 1150 3142 2,

140 3149 253 3216 ‘Labeo
277 3201 307 3216 ..
331 3155 435 3214 scribit
460 3178 501 3233 ..3
530 3155 689 3215 Trebatius
713 3201 742 3216 ..
766 3158 871 3215 contra
894 3155 1006 3232 scribit,
1029 3150 1150 3214 merito'

138 3244 174 3304 D.
191 3246 242 3320 33,
258 3248 287 3322 9,
303 3247 331 3322 3,
347 3247 380 3320 2,
400 3237 575 3304 ‘Cascellius
594 3247 626 3304 et
639 3244 798 3304 Trebatius
811 3246 930 3320 putant,
950 3243 1031 3318 quod
1044 3261 1148 3302 verum
1184 3291 1185 3294 .

139 3327 200 3393 est'
224 3333 260 3392 D.
280 3335 333 3410 43,
353 3335 403 3410 24,
420 3337 448 3409 1,
465 3335 497 3408 7,
526 3326 696 3392 ‘Trebatius
722 3335 753 3392 et
775 3332 876 3392 Labeo
900 3375 961 3408 ...,
984 3349 1060 3408 quae
1086 3350 1149 3390 sen-

139 3422 235 3482 tentia
258 3441 330 3482 vera
353 3415 409 3481 est'
433 3421 469 3480 D.
484 3423 536 3495 40,
553 3424 581 3499 7,
596 3424 625 3498 3,
642 3414 712 3502 11),
740 3422 831 3481 semel
854 3420 941 3480 reicit
964 3414 1149 3497 (Trebatius

138 3515 228 3586 putat
252 3555 313 3590 ...,
337 3511 417 3588 quod
440 3528 549 3572 1111111
567 3529 627 3570 111
651 3503 708 3570 est'
731 3510 767 3590 D,
783 3513 833 3587 39,
850 3513 878 3588 3,
894 3511 922 3586 3,
939 3501 982 3590 1).
