2614 3914
397 193 692 251 sereremus
710 192 828 248 TESTA
1052 191 1115 261 381

12 339 13 456 l
107 360 208 444 belle;
235 358 316 424 illud
347 358 461 422 miror.
489 357 560 442 quis
584 358 668 421 solet
695 356 807 422 eodem
835 357 980 440 exemplo
1009 357 1118 440 plures

12 499 13 502 ,
109 451 196 533 dare,
214 448 271 532 qui
294 470 353 512 sua
370 469 469 511 manu
489 444 621 511 scribit?
648 467 725 510 nem
745 444 858 529 quod
849 468 880 508 ru
901 445 1090 548 palimpseet
1091 467 1120 528 ο,

109 538 206 603 laudo
231 537 378 620 equidem
400 535 641 620 parsimoniam.
692 534 747 598 sed
770 535 882 615 miror,
906 534 1013 617 quid
1004 556 1039 598 m
1062 533 1119 597 illa

109 626 259 692 chartula
293 625 405 704 fuerit,
442 625 527 709 quod
561 623 665 688 delere
698 623 848 687 malueris
881 621 1006 706 †quam
1039 622 1120 686 haec

110 715 266 796 scribere,
292 714 356 778 nisi
382 713 467 778 forie
494 716 569 777 luas
597 711 752 776 formulas
861 733 922 798 ego
950 715 983 774 le
1007 709 1120 794 Balbo,

110 827 184 870 cum
207 803 247 867 ad
270 825 328 868 vos
351 802 580 887 ριοιιιιιοιιιιι,
605 823 695 865 more
718 799 865 865 Romano
888 800 1119 866 commendabo

188 893 248 956 has
276 892 403 956 litteras
432 891 546 976 scripsi
574 890 608 953 in
631 887 817 974 Pomptino,
844 910 916 953 cum
945 889 984 952 ad
1007 889 1120 954 villam

110 981 153 1047 M.
172 980 306 1045 Aemilii
329 979 525 1044 Philemonis
549 979 770 1060 devertissem‚
795 1001 834 1042 ex
858 1001 921 1062 qua
942 977 1007 1042 iam
1032 977 1121 1042 audi-

112 1093 201 1136 eram
233 1070 396 1134 fremitum
429 1069 594 1133 clientium
627 1088 785 1152 meorum,
817 1089 897 1152 quos
930 1067 1058 1152 quidem
1085 1070 1121 1131 ιιι

112 1160 193 1224 mihi
216 1158 426 1223 conciliasti.

201 1246 278 1311 Idus
301 1246 404 1332 April.
436 1207 524 1331 (llll,
545 1241 601 1332 18)

204 1336 254 1401 13.
283 1333 394 1401 Oicero
419 1334 550 1399 Trebel
525 1339 637 1399 ι.-ιο
659 1331 942 1437 Chrysippusl
877 1333 968 1398 Veli
944 1337 1019 1417 irus,
1043 1331 1122 1416 Cyri

114 1425 219 1490 archil
205 1427 272 1490 ibeo
273 1425 283 1487 i
257 1425 401 1488 iliberl
387 1429 448 1502 lus,
472 1423 557 1506 fecit,
534 1426 617 1487 ιιιι
640 1427 672 1488 ιθ
696 1444 760 1487 non
783 1423 1006 1488 immemorem
1028 1425 1122 1506 puia-

114 1536 182 1578 rem
201 1514 277 1578 mei:
301 1513 386 1577 salut
372 1517 438 1576 tem
457 1513 542 1578 enim
563 1511 668 1576 verbis
691 1511 757 1575 iuis
781 1511 861 1579 mihi
885 1533 951 1575 nun
952 1512 1099 1576 lieret..

114 1602 200 1688 quod
229 1602 257 1667 si
286 1602 425 1666 scribere
453 1600 536 1664 oblii
522 1606 573 1664 ius
602 1621 650 1682 es,
675 1601 782 1664 minus
805 1601 932 1664 multi
874 1605 987 1664 tram
1010 1605 1043 1664 te
1067 1599 1123 1664 ad-

114 1695 230 1759 vocato
262 1712 358 1755 causa
386 1690 562 1756 cadent..
583 1651 734 1755 .illud.
754 1689 984 1771 perlibenter
1017 1687 1124 1752 audivi

116 1803 154 1844 ex
178 1780 290 1844 eodem
312 1777 502 1864 Chrysippo,
525 1784 557 1842 te
580 1799 651 1842 esse
675 1775 807 1844 Caesari
829 1777 1031 1842 familiarem
1069 1777 1123 1840 sed

116 1868 297 1933 mehercule
322 1869 461 1952 mallem,
483 1867 515 1930 id
535 1866 619 1950 quod
637 1869 707 1930 ereb
726 1865 867 1950 aequius,
885 1867 924 1930 de
942 1867 1007 1931 luis
1027 1866 1123 1930 rebus

117 1981 156 2021 ex
183 1957 247 2022 luis
275 1957 394 2020 litleris
423 1978 520 2040 quam
548 1955 736 2039 saepissime
760 1976 991 2041 cognoscerem.
1039 1954 1124 2039 quod

116 2050 206 2111 ceria
237 2045 284 2109 ila
310 2045 415 2128 fieret,
448 2045 475 2109 si
502 2051 538 2109 ιιι
565 2045 733 2110 maluisses
761 2044 998 2110 benivolentiae
1029 2065 1125 2128 quam

117 2135 226 2200 ιιιιιιιιι
249 2135 320 2198 iure
342 2134 521 2217 perdiscere
620 2130 784 2220 (V11,14)

497 2327 499 2332 -
523 2309 556 2350 ι.
576 2284 714 2369 erosae:

209 2401 260 2466 14.
288 2396 400 2465 Cicero
424 2397 543 2464 Treba
530 2401 689 2464 ios
714 2398 785 2464 Silii
811 2404 981 2464 causamt
967 2398 1126 2464 t.edocui

117 2490 145 2554 is
174 2511 234 2574 pos
236 2493 289 2552 tea
236 2488 377 2552 tfuit
363 2488 485 2572 tapud
509 2510 568 2552 me.
614 2509 685 2552 cum
714 2489 743 2551 ei
770 2488 908 2552 dicerem
936 2489 997 2553 tibi
1026 2487 1127 2551 videri

119 2579 327 2662 sponsionem
356 2577 447 2640 illam
474 2597 534 2640 nos
563 2577 632 2640 sine
660 2577 802 2658 periculo
831 2577 936 2640 fecere
963 2597 1059 2658 posse
1088 2574 1127 2638 si

119 2668 279 2730 bonorum
301 2666 464 2750 Turpiliae
487 2685 722 2748 possessronem
742 2663 778 2739 Q
798 2661 917 2748 Caepio
937 2668 1066 2748 praetor
1090 2683 1129 2726 ex

119 2756 225 2820 edicio
250 2777 307 2820 suo
331 2755 412 2818 mihi
436 2753 535 2818 dedit'
510 2759 687 2856 t,negare
709 2753 816 2817 aiebat
835 2750 979 2818 Servium
998 2751 1128 2816 tabulas

119 2843 307 2908 testamenii
331 2865 400 2907 esse
424 2865 488 2928 eas,
511 2864 588 2927 quas
611 2845 689 2906 insh
663 2842 805 2906 libuisset
826 2843 854 2906 is
878 2843 934 2926 qui
953 2841 1029 2906 faci
1005 2845 1128 2905 irenem

119 2933 309 2997 besiamenli
340 2954 406 2996 non
437 2932 598 3014 haunein
636 2931 698 2996 hoc
729 2931 812 2995 idem
848 2930 979 2995 Ofilium
993 2929 1130 3084 tdicerc3

119 3026 229 3086 tecum
259 3043 292 3084 se
320 3021 464 3085 locutum
491 3021 632 3106 negabat
664 3042 777 3104 meque
803 3021 1008 3105 rogauero
1036 3041 1069 3084 se
1097 3023 1130 3082 ei

120 3132 251 3174 causam
275 3115 404 3174 suamt
390 3110 451 3174 tibi
474 3109 737 3174 commendarem.
783 3131 842 3174 nec
864 3109 912 3173 vir
935 3043 1062 3191 milior,
1087 3107 1131 3170 mi

12 3197 13 3220 ³
122 3199 233 3278 Testa,
265 3220 324 3262 nec
362 3199 442 3262 mibi
470 3199 602 3262 amicior
629 3197 663 3264 P.
688 3197 766 3262 Silio
799 3197 968 3282 quisquam
1002 3199 1065 3276 esi,
1098 3199 1130 3258 le

121 3249 233 3351 lameri
255 3290 398 3372 exceptu.
436 3288 656 3389 gratissimum
677 3286 788 3350 mihi
779 3285 840 3370 rgit
842 3307 879 3348 ur
827 3285 1020 3364 ifeceris,
1044 3306 1072 3348 sr
1063 3281 1131 3347 ad

122 3399 196 3440 eum
229 3377 315 3440 ultro
345 3377 470 3440 veneris
500 3375 592 3459 eique
619 3375 782 3460 pollicitus
811 3373 886 3454 eris,
919 3374 988 3457 sed,
1020 3373 1048 3436 si
1080 3393 1131 3436 me

124 3487 223 3548 amas,
247 3487 342 3549 quam
366 3465 515 3548 primum.
551 3465 612 3529 hoc
635 3469 668 3528 ie
692 3463 898 3528 vehementer
917 3467 949 3527 el
950 3462 1014 3526 iam
1034 3466 1068 3525 ιιι
1070 3483 1131 3545 que

122 3555 220 3618 eliam
243 3573 332 3638 rogo.
363 3551 450 3638 (VII,
469 3549 526 3639 21)
