2600 3908
173 175 215 240 80
252 177 298 232 IV.
321 176 466 232 SEPTIMI
480 175 577 232 SAMO.
591 175 687 232 Iouis
705 177 877 234 CONSULT.
894 178 1018 234 SMRIES
1032 178 1179 234 ALTERA

171 345 197 404 si
220 363 238 403 a
260 343 362 404 liberis
382 347 446 405 eius
464 365 524 406 non
542 345 737 422 discessisset,
758 347 895 422 permisit
913 347 1077 422 imperator
1095 349 1180 408 velut

170 433 340 493 Mucianam
364 435 531 494 cautionem
556 429 676 496 offerri’.
716 434 844 513 denique
867 435 1051 496 Iustinianus
1070 455 1095 496 a.
1115 439 1177 496 531

171 520 202 582 O.
219 525 247 601 6,
262 524 314 598 40,
330 525 357 600 2,
374 524 393 582 3
413 542 479 583 eum
499 525 565 602 lege
579 523 659 583 Iulia
672 525 807 583 miscella
821 527 910 584 etiam
925 521 1095 584 Mucianam
1109 543 1178 584 cau·

170 612 282 671 tionem
301 606 403 688 ‘super
421 611 477 673 hac
491 607 593 672 causa’
608 613 816 690 conquiescere
830 613 927 674 iussit.
959 614 996 673 ef.
1011 633 1078 674 nov.
1093 613 1180 672 XXII

170 717 193 760 a.
213 702 254 760 re
279 691 319 782 (a.
340 693 428 780 ses).

582 807 689 868 Liber
715 807 768 868 IV.

477 923 524 982 De
545 924 680 998 tcpttc'mr's
701 911 872 984 haedibus?
1144 1005 1145 1008 Ἴ

259 1036 335 1098 Oum
359 1038 486 1098 Sabinus
514 1039 550 1098 de
577 1038 721 1118 legitimis
746 1038 906 1098 heredibus
928 1042 998 1116 post
1019 1041 1180 1098 testamen-

171 1131 248 1204 tum,
281 1127 333 1187 sed
366 1133 435 1186 ante
462 1129 564 1205 legata
591 1128 781 1204 tractaverit,
812 1127 945 1188 Mucium
972 1127 1009 1187 de
1036 1128 1181 1206 legitimis

170 1216 330 1277 heredibus
364 1217 483 1276 demum
514 1219 583 1292 post
614 1217 717 1292 legata
748 1217 917 1293 scripsisses
950 1219 1035 1277 coust
1054 1221 1075 1278 t.
1129 1216 1182 1277 sed

170 1305 237 1366 ideo
261 1305 341 1382 apud
363 1305 496 1364 Mucium
518 1305 564 1364 ius
588 1305 804 1365 hereditarium
827 1309 858 1365 et
879 1307 981 1384 legata
1004 1306 1126 1366 confusa
1150 1309 1182 1366 et

170 1397 317 1470 permixta
339 1395 447 1470 fuisse,
473 1395 553 1471 quod
576 1394 712 1472 Krueger
733 1415 761 1471 p.
783 1397 845 1454 178
869 1394 984 1455 iudicat
1006 1389 1181 1474 t‘Mrbreoht

170 1483 233 1542 und
255 1483 351 1562 Legat
463 1483 536 1543 wirr
562 1483 658 1544 durch
684 1476 862 1562 einander'),
889 1503 949 1544 non
972 1483 1179 1544 concesserim:

171 1572 312 1632 nimirum
343 1572 435 1632 Mucii
470 1573 654 1648 temporibus
691 1575 871 1632 testamento
908 1573 1084 1649 plerumque
1120 1591 1181 1631 non

170 1666 233 1720 tam
269 1661 355 1722 heres
391 1661 621 1738 instituebatur,
663 1681 753 1739 quam
789 1661 891 1739 legata
926 1659 1179 1740 relinquebantur.

171 1748 235 1811 Gai.
254 1751 293 1827 Π,
310 1751 382 1811 103.

260 1837 324 1900 Gai.
345 1839 443 1916 III,1
473 1833 701 1898 ‘Intestatorum
724 1839 906 1920 hereditates
929 1833 1009 1918 (er)
1031 1839 1098 1916 lege
1120 1837 1180 1898 XII

169 1928 343 1987 tabularum
370 1929 500 2004 primum
529 1927 566 1986 ad
593 1944 663 1986 suos
690 1926 814 1986 heredes
841 1921 1013 2004 pertinent'.
1064 1929 1092 1988 2.
1121 1921 1180 1988 ‘sui

45 2065 47 2068 .
171 2020 273 2076 autem
295 2017 418 2075 heredes
442 2015 652 2074 existimantur
676 2015 764 2076 liberi
787 2015 893 2092 quiin
915 2019 1064 2093 potestate
1088 2017 1177 2076 mori-

171 2094 247 2164 entis
271 2106 394 2164 fuerunt
407 2149 423 2162 ,.
439 2147 467 2162 ..
491 2121 546 2162 nec
569 2103 703 2181 interest,
725 2097 873 2183 <utrum>
895 2106 1050 2166 naturales
1074 2100 1180 2184 <sint>

105 2205 108 2212 '
169 2193 257 2252 liberi
276 2212 313 2251 an
332 2185 487 2269 adoptiri'.
520 2193 549 2252 3.
568 2187 657 2253 ‘uxor
675 2212 792 2271 quoque
810 2213 887 2270 quae
901 2194 933 2254 in
947 2213 1037 2254 manu
1052 2197 1106 2272 est,
1125 2213 1180 2254 sua

169 2281 256 2340 heres
280 2284 334 2359 est,
357 2281 427 2358 quia
450 2280 530 2340 filiae
552 2281 618 2341 loco
642 2277 708 2342 est'.
755 2285 782 2343 9.
808 2277 845 2342 ‘si
866 2283 969 2342 nullus
992 2283 1033 2342 sit
1055 2301 1179 2342 suorum

169 2370 322 2448 heredum,
341 2377 413 2429 tuno
428 2370 580 2429 hereditas
593 2371 726 2447 pertinet
740 2391 775 2430 ex
789 2372 893 2430 eadem
907 2372 974 2448 lege
988 2371 1047 2430 ΧΠ
1060 2373 1179 2432 tabula·

169 2479 237 2518 rum
256 2461 294 2519 ad
313 2452 460 2538 agnatos'.
495 2461 544 2520 17.
561 2453 599 2518 ‘si
616 2460 718 2519 nullus
733 2465 862 2536 agnatus
878 2461 926 2539 sit,
945 2461 1049 2520 eadem
1062 2461 1110 2520 lex
1119 2460 1180 2521 XII

170 2548 344 2609 tabularum
371 2548 499 2626 gentiles
528 2548 566 2607 ad
588 2548 787 2609 hereditatem
809 2542 921 2610 rocat'.
969 2551 1062 2627 39sq.
1088 2543 1179 2610 ‘nunc

171 2637 206 2697 de
224 2638 403 2699 libertorum
420 2637 507 2698 bonis
525 2637 689 2698 videamus.
729 2638 801 2698 olim
819 2638 921 2714 itaque
939 2637 1050 2698 licebat
1068 2638 1177 2698 liberto

169 2730 330 2803 patronum
358 2745 447 2786 suum
473 2726 586 2802 inpune
614 2730 794 2787 testamento
821 2727 994 2812 praeterire.
1039 2746 1109 2786 nam
1133 2728 1179 2788 ita

171 2815 290 2875 demum
313 2817 362 2874 lex
379 2815 437 2874 XII
459 2815 632 2875 tabularum
655 2817 694 2875 ad
717 2815 914 2875 hereditatem
933 2815 1033 2876 liberti
1050 2817 1179 2876 vocabat

170 2905 343 2981 patronum,
369 2904 395 2964 si
417 2903 580 2964 intestatus
603 2909 740 2964 mortuus
763 2907 843 2964 esset
864 2904 993 2965 libertus
1016 2905 1099 2966 nullo
1122 2923 1177 2966 suo

168 2993 276 3052 herede
298 2986 425 3052 relict0.'
1249 2981 1257 2996 ’

261 3095 288 3158 1.
308 3092 389 3158 Geli.
403 3092 433 3177 5,
449 3093 499 3178 19,
514 3092 544 3177 5,
559 3095 587 3158 6.
601 3129 645 3141 -
660 3092 722 3159 Sed
737 3094 962 3180 adrogationes
978 3117 1043 3161 non
1057 3098 1177 3160 temere

50 3213 53 3220 ·
169 3203 229 3247 nec
258 3181 459 3266 inexplorate
488 3183 748 3267 committuntur,
780 3205 856 3248 nam
885 3184 1017 3249 comitia
1046 3185 1176 3250 arbitris

168 3271 378 3356 pontificibus
420 3271 630 3356 praebentur,
676 3295 757 3357 quae
798 3272 924 3338 curiata
962 3273 1178 3359 appellantur,

170 3364 323 3446 aetasque
355 3359 424 3425 eius
457 3361 512 3445 qui
544 3361 701 3448 adrogare
731 3361 814 3444 vult,
850 3385 890 3426 an
924 3361 1034 3427 liberis
1067 3363 1177 3446 potius

170 3449 343 3536 gignundis
367 3449 483 3514 idonea
507 3449 562 3533 sit,
585 3451 733 3536 bonaque
757 3452 825 3516 eius
849 3451 903 3533 qui
927 3450 1113 3536 adrogatur,
1137 3473 1176 3516 ne

169 3539 322 3606 insidiose
346 3538 491 3624 adpetita
514 3540 592 3624 sint,
615 3540 845 3626 consideratur,
870 3541 982 3624 iusque
1005 3539 1177 3606 iurandum
