2588 3908
210 195 276 259 228
313 194 360 250 VI.
381 192 514 248 OCTAVI
533 193 632 251 SAEG.
650 193 747 250 lUltIS
766 191 1212 250 01111111111111111
1268 223 1269 226 =

212 359 259 422 rei
278 359 408 423 uxoriae
426 358 624 422 necessarias
645 379 715 422 esse
734 357 821 422 visas
840 357 979 440 scripsit,
999 377 1072 421 eum
1088 353 1222 440 Spurius

212 446 386 530 Carvilius,
418 447 470 511 oui
497 445 592 532 Ruga
624 449 875 531 cognomentum
906 445 986 529 fuit,
1018 445 1068 509 vir
1095 444 1224 528 nobilis,

212 537 387 602 divortium
410 557 482 600 curn
506 557 606 600 uxore
629 535 716 619 fecit,
743 535 828 620 quia'
842 535 937 598 liberi
961 555 1000 598 ex
1019 555 1058 598 ea
1081 534 1224 618 eorporis

211 625 292 690 vitio
320 647 386 690 non
414 625 636 710 gignerentur,
664 646 748 688 anno
775 625 867 688 urbis
896 623 1044 688 conditae
1068 623 1225 706 quingen-

212 715 330 780 tesimo
354 713 505 779 vicesimo
527 713 624 776 tertio
644 711 689 777 M.
707 713 808 776 Atilio
827 712 862 778 P.
876 711 1009 777 Valerio
1029 711 1227 776 consulibus.

214 808 309 887 atque
346 804 374 867 is
408 801 569 868 Carvilius
601 803 743 866 traditur
773 823 922 885 uxorem,
959 822 1056 884 quam
1094 799 1228 884 dimisit,

213 892 343 976 egregie
376 891 525 955 dilexisse
557 891 823 974 carissimamque
858 911 985 955 morum
1017 889 1086 953 eius
1120 889 1228 973 gratia

213 981 379 1061 habuisse,'
391 979 447 1044 sed
461 979 672 1044 iurisiurandi
685 980 876 1064 religionem
887 979 995 1044 animo
1010 981 1108 1062 atque
1123 978 1228 1042 amori

213 1069 459 1153 praevertissep
476 1067 561 1152 quod
589 1069 695 1133 iurare
726 1091 746 1133 a
774 1068 960 1133 censoribus
988 1071 1120 1132 coactus
1150 1070 1228 1150 erat,

214 1179 347 1222 uxorem
372 1178 405 1222 se
429 1157 567 1221 liberum
591 1157 813 1241 quaerundum
837 1157 944 1242 gratia
966 1156 1169 1222 habiturum.

303 1384 370 1444 VII.
400 1384 453 1444 Ad
475 1385 575 1463 leges
599 1385 786 1444 duodecim
808 1385 1019 1444 tabularum
1041 1383 1139 1444 libri.

304 1517 385 1578 Ante
419 1517 557 1578 Servium
588 1519 627 1577 ad
657 1517 717 1578 ΧΠ
748 1518 869 1578 tabulas
902 1519 1087 1594 scripserunt
1120 1516 1228 1577 Sextus

215 1607 321 1667 Aelius
356 1599 462 1688 (supra
491 1629 520 1684 p.
546 1599 616 1688 15),
652 1607 687 1667 L.
714 1607 830 1666 Acilius
862 1607 911 1666 vel
942 1606 1057 1666 Atilius
1096 1599 1138 1685 (p.
1168 1599 1229 1687 18),

215 1697 249 1757 L.
272 1697 412 1756 Valerius
436 1689 480 1776 (p.
501 1689 579 1776 131)
608 1699 639 1754 et
665 1697 793 1755 fortasse
817 1694 850 1754 L.
874 1695 979 1754 Aelius
1003 1695 1079 1756 Stilo
1103 1696 1229 1756 Praeco-

215 1787 303 1846 ninus
326 1785 542 1862 grammaticus
565 1777 700 1864 (Schoell
718 1805 746 1861 p.
767 1787 808 1844 26
820 1776 887 1866 sq.).
1179 1851 1185 1860 ,

305 1869 367 1933 ‘nx‘
397 1873 493 1934 Servii
520 1873 645 1950 Sulpicii
667 1872 737 1931 Rufi
761 1920 789 1934 ..
814 1877 934 1933 centum
962 1871 1117 1949 octoginta
1144 1873 1228 1934 libris

216 1965 309 2024 etiam
326 1963 386 2024 XlI
404 1962 578 2021 tabularum
601 1962 882 2036 interpretationem
903 1962 998 2022 fuisse
1022 1962 1119 2040 magis
1140 1983 1230 2040 quam

217 2053 349 2130 quinque
376 2051 495 2127 glossae
528 2050 584 2108 sub
614 2050 677 2108 eius
705 2051 824 2111 nomine
853 2052 934 2127 apud
960 2051 1087 2110 Festum
1119 2052 1229 2113 1111111

217 2139 274 2200 Gai
295 2140 442 2218 quaedam
455 2139 548 2200 verba
565 2137 700 2198 iudicant
718 2159 754 2198 ex
771 2140 848 2199 libro
862 2140 891 2198 V
905 2140 944 2199 ad
957 2140 1055 2218 legem
1069 2140 1230 2202 1111111111-

216 2229 316 2286 larum
338 2228 370 2285 in
392 2227 520 2304 Digesta
543 2229 750 2305 50‚16,237
776 2232 898 2305 recepta
923 2228 1057 2288 »duobus
1079 2231 1230 2308 negativis

216 2316 316 2376 verbis
344 2317 430 2392 quasi
457 2317 606 2392 permittit
633 2317 682 2376 lex
704 2317 800 2395 magis
827 2337 918 2394 quam
943 2317 1112 2394 probibuit3
1140 2319 1229 2397 idque

217 2405 310 2464 etiam
338 2404 459 2467 Servius
488 2405 734 2466 animadvertit«.
785 2416 864 2484 quae'
891 2407 1003 2466 1111111
1032 2407 1136 2485 magni
1160 2426 1229 2468 sane

216 2495 360 2554 momenti
384 2498 439 2570 est,
462 2514 532 2554 oum
554 2493 647 2555 Gaius
670 2514 730 2554 non
752 2495 820 2571 ipsa
837 2497 913 2574 lege,
937 2495 989 2554 sed
1008 2497 1230 2556 commentariis

216 2584 366 2661 prioribus
389 2604 462 2644 usus
486 2579 538 2644 sit'
562 2584 680 2644 Schoell
702 2605 732 2660 p.
752 2586 802 2644 34.

304 2675 379 2734 Post
398 2673 536 2734 Servium
555 2674 593 2732 ad
607 2673 666 2732 XII
679 2674 799 2733 tabulas
818 2673 1005 2750 scripserunt
1023 2672 1062 2730 M.
1079 2673 1230 2734 Antistius

217 2763 318 2822 Labeo
328 2755 375 2842 (P.
388 2756 488 2844 1-3)
503 2765 534 2822 et
545 2761 638 2823 Gaius
648 2755 694 2843 (P.
705 2759 906 2841 418—445).
930 2762 967 2822 11.
976 2761 1113 2839 Krueger
1127 2784 1156 2840 p.
1170 2765 1228 2823 143

218 2854 250 2909 11
278 2853 349 2910 183.
401 2851 479 2911 sicut
507 2850 617 2910 Gaium
644 2851 740 2912 Servii
768 2851 854 2910 libris
882 2870 973 2910 usum
1000 2869 1065 2910 esse
1092 2851 1231 2928 vidimus,

217 2938 262 2996 111
285 2941 316 2996 11
339 2939 439 2998 Labeo
462 2940 569 2999 iisdem
591 2942 720 3000 fortasse
743 2940 829 3000 libris
852 2957 925 3000 usus
949 2942 1008 2998 est:
1035 2959 1105 2998 nam
1129 2960 1231 3002 eorum

216 3027 455 3102 fragmentorum
472 3047 548 3105 quae
562 3028 626 3088 sine
641 3029 740 3105 operis
754 3029 845 3088 titulo
860 3029 1008 3105 feruntur,
1027 3030 1182 3108 nonnulla,
1201 3030 1229 3088 in

218 3115 327 3192 quibus
347 3114 469 3176 Servius
492 3116 643 3192 laudatur,
667 3117 705 3176 ad
723 3117 783 3176 XII
804 3118 980 3177 tabularum
1003 3117 1097 3177 libros
1120 3120 1230 3192 referre

217 3205 299 3278 licet,
321 3203 460 3279 inprimis
483 3205 516 3264 P.
537 3207 610 3265 328.
631 3208 702 3266 390.
724 3208 796 3265 393.

307 3292 403 3354 Servii
421 3294 566 3354 librorum
585 3295 761 3372 fragmentis
774 3295 834 3354 XII
848 3295 1023 3354 tabularum
1037 3294 1139 3373 verba,
1159 3314 1228 3372 qus·

217 3387 307 3442 tenus
330 3385 451 3442 servata
474 3386 553 3461 sunt,
577 3384 741 3458 anteposui.
788 3389 856 3444 cum
878 3385 982 3460 legum
1005 3384 1178 3460 fragmenta
1200 3385 1229 3443 11

217 3470 339 3530 Β111111
361 3471 495 3532 fontibus
516 3473 660 3532 nonnulla
677 3472 745 3532 aliis
764 3472 894 3532 numeris
914 3471 1122 3549 significentur
1141 3492 1229 3550 quam

218 3559 251 3616 in
274 3558 414 3619 Schoellii
438 3560 627 3640 collectione,
651 3561 809 3638 utriusque
832 3578 973 3620 numeros
995 3559 1137 3620 indicavi.
