2588 3908
187 190 250 254 196
288 190 334 246 Vl.
357 188 492 244 OCTAVI
512 188 612 244 SAEO.
630 187 727 243 IURIS
748 185 924 243 OONSULT.
939 185 1065 240 SERIES
1080 185 1195 240 PRIMA

281 353 427 438 idemque
460 353 520 416 eit:
554 349 789 416 ...Alfenum
819 350 954 435 denique
982 349 1123 413 scribere
1151 349 1196 414 ait

177 465 281 528 posse
300 443 348 506 ita
367 443 432 527 agi:
456 443 506 505 ius
525 440 658 505 illinon
677 461 746 504 esse
764 440 798 503 in
818 460 875 503 suo
895 437 1037 522 lapidem
1058 439 1197 521 caedere,

186 535 223 594 ut
246 533 279 596 in
303 553 410 596 meum
433 529 567 595 fundum
591 531 778 613 fragmenta
801 527 926 592 cadant.

276 633 372 694 Seruii
395 651 570 708 responsum
593 650 656 690 esse
680 633 789 706 potest.

276 735 341 800 92?
362 734 399 800 D.
415 735 443 817 8,
459 735 489 819 2,
502 734 552 798 16.
581 731 703 802 Paulus
722 733 807 795 libro
827 731 966 796 secundo
982 731 1198 814 epitomarum

187 823 298 888 Alfeni
321 823 531 908 Digestorum
554 819 604 908 (P.
623 820 691 904 42).
731 820 855 884 Lumen
877 819 910 884 id
933 823 990 902 est,
1014 823 1051 884 ut
1074 819 1198 884 caelum

187 913 359 992 rideretur,
382 914 414 975 et
436 912 571 974 interest
594 911 679 972 inter
702 909 812 973 lumen
830 913 863 972 et
880 913 1100 993 prospectum:
1123 931 1198 973 nam

188 1004 377 1085 prospectus
406 999 505 1063 etiam
534 1021 573 1063 ex
600 997 806 1062 inferioribus
834 997 913 1062 locis
938 1001 1001 1082 est,
1028 998 1138 1062 lumen
1160 1019 1199 1064 ex

187 1090 339 1154 inferiore
362 1089 432 1152 loeo
456 1109 527 1152 esse
549 1109 616 1150 non
638 1089 757 1170 potest.
915 1101 916 1105 ’

276 1191 325 1250 An
348 1189 444 1249 Servii
466 1208 642 1265 responsum
667 1189 774 1266 subsit,
798 1188 924 1247 dublum
947 1191 1001 1248 est.

278 1301 330 1366 93.
363 1298 401 1364 Ι).
416 1300 445 1380 8,
459 1300 489 1381 2,
504 1300 555 1364 33.
593 1298 712 1364 Paulus
736 1299 820 1363 libro
844 1299 957 1382 quinto
983 1299 1200 1381 epitomarum

189 1389 297 1456 Alfeni
324 1387 533 1474 Digestorum
566 1385 615 1474 (P.
638 1384 706 1475 68).
756 1387 841 1452 Eum
874 1387 989 1452 debere
1017 1389 1201 1452 columnam

190 1479 370 1562 restituere,
394 1499 474 1563 quae
499 1499 579 1542 onus
603 1477 782 1542 vicinarum
806 1477 932 1541 aedium
952 1475 1087 1558 ferebat,
1110 1477 1201 1541 cuius

190 1571 299 1633 essent
326 1567 420 1632 aedes
445 1589 525 1650 quae
550 1567 720 1650 servirent,
747 1588 814 1630 non
837 1587 923 1648 oum,
951 1567 1006 1650 qui
1033 1567 1201 1648 imponere

190 1657 300 1722 vellet.
345 1679 422 1720 narn
449 1678 522 1720 cum
549 1655 582 1719 in
605 1655 678 1739 lege
702 1655 829 1718 sedium
852 1655 1080 1738 itsseriptum
1104 1662 1202 1718 esset:

191 1746 311 1829 ‘paries
331 1746 420 1810 oneri
438 1744 576 1808 ferundo
594 1743 643 1806 uti
661 1765 746 1806 nunc
765 1747 824 1825 est,
842 1745 889 1807 ita
909 1742 972 1827 sit',
992 1741 1071 1806 satis
1091 1748 1202 1827 aperte

192 1835 369 1918 significari
401 1836 435 1898 in
467 1837 658 1916 perpetuum
690 1831 848 1914 parietem
876 1854 946 1896 osse
973 1831 1103 1896 debere:
1135 1853 1204 1896 non

193 1926 277 1988 enim
301 1925 363 1988 hoc
385 1923 436 1986 his
456 1920 561 1985 verbis
581 1921 652 2002 dici,
675 1928 712 1984 ut
729 1921 763 1982 in
781 1925 972 2004 perpetuum
991 1919 1076 1984 idem
1094 1922 1202 2004 paries

194 2010 372 2098 [aeternus]
396 2013 489 2091 esset,
512 2008 597 2092 quod
620 2030 660 2072 ne
683 2009 753 2072 fieri
777 2010 905 2092 quidem
927 2013 1048 2092 posset,
1073 2009 1129 2073 sed
1153 2010 1201 2075 uti

193 2101 336 2164 eiusdem
368 2097 457 2162 modi
489 2097 595 2181 peries
627 2097 662 2160 in
694 2102 884 2180 perpetuum
917 2101 1002 2162 esset
1034 2099 1088 2181 qui
1121 2120 1203 2164 onus

194 2189 395 2267 sustineret[:
424 2185 693 2269 quemadmodum
719 2185 748 2249 si
770 2185 841 2270 quis
866 2186 961 2252 alicui
984 2187 1138 2268 cavisset,
1165 2192 1205 2252 ut

194 2298 274 2340 onus
303 2297 396 2340 suum
424 2277 609 2357 sustineret,
638 2275 666 2338 si
692 2296 729 2338 ea
752 2297 803 2338 res
827 2297 909 2359 quae
933 2274 1032 2340 servit
1055 2278 1088 2338 et
1110 2279 1206 2341 tuum

195 2386 275 2429 onus
299 2365 407 2446 ferret,
429 2363 579 2446 perisset,
606 2363 669 2428 alia
692 2365 725 2426 in
749 2363 855 2428 locum
879 2363 946 2428 eins
970 2363 1040 2429 dari
1064 2363 1207 2447 debeat}

281 2467 327 2526 Do
350 2485 382 2526 re
405 2487 431 2526 v.
450 2465 592 2527 Karlowa
614 2465 746 2542 11,523.

283 2569 334 2634 94.
367 2567 406 2632 D.
426 2568 455 2649 8,
470 2566 500 2649 5,
519 2569 548 2649 6,
563 2569 592 2634 2.
634 2564 793 2651 Ulpianus
816 2567 901 2632 libro
922 2569 1059 2652 septimo
1079 2568 1206 2636 decimo

195 2657 235 2723 ad
259 2659 399 2724 edictum
422 2655 471 2742 (P.
491 2654 580 2742 598).
618 2659 715 2720 etiam
739 2658 777 2720 de
802 2656 965 2740 servitute,
990 2679 1071 2741 quae
1096 2659 1207 2723 oneris

194 2747 317 2811 ferendi
341 2767 440 2811 causa
462 2746 617 2829 imposita
641 2747 717 2828 erit,
746 2745 831 2809 actio
855 2745 949 2810 nobis
973 2748 1141 2830 competit,
1170 2751 1209 2812 ut

195 2841 228 2899 et
260 2857 358 2899 onera
389 2835 472 2898 ferat
504 2838 537 2898 et
565 2833 711 2898 aedificia
743 2834 866 2898 reficiat
896 2834 935 2897 ed
963 2855 1036 2897 eum
1064 2835 1208 2916 modum,

196 2925 250 3007 qui
279 2923 433 2986 servitute
460 2922 614 3004 imposita
642 2923 890 3004 comprehensus
919 2926 978 2986 est.
1031 2927 1064 2986 et
1091 2924 1207 2988 Gallus

195 3015 290 3096 putet
312 3031 378 3074 non
401 3031 495 3093 posse
518 3011 566 3074 ita
589 3011 777 3074 servitutem
795 3009 928 3095 imponi,
951 3015 987 3074 ut
1006 3013 1079 3096 quis
1097 3013 1209 3078 facere

197 3100 318 3183 aliquid
338 3102 515 3184 cogeretur,
535 3100 590 3163 sed
609 3120 649 3161 ne
668 3120 719 3162 me
737 3098 843 3163 faeere
858 3099 1058 3184 prohiberet3
1079 3123 1157 3166 nsm
1172 3103 1209 3165 in

197 3189 345 3252 omnibus
378 3187 588 3252 servitutibus
621 3187 752 3251 refectio
785 3187 824 3250 ad
857 3209 930 3252 eum
960 3189 1116 3274 pertinet,
1150 3192 1210 3276 qui

197 3278 258 3342 sibi
284 3277 472 3341 servitutem
494 3276 624 3362 adserit,
649 3297 715 3340 non
739 3277 778 3340 ad
802 3299 882 3358 eum,
906 3277 996 3342 cuius
1019 3301 1070 3342 res
1095 3281 1210 3345 servit.

198 3367 253 3431 sed
286 3366 408 3431 evaluit
436 3363 525 3431 Servi
555 3365 728 3448 sententia,
759 3367 794 3430 in
824 3367 993 3450 proposita
1028 3369 1134 3450 specie
1169 3372 1209 3432 ut

197 3456 302 3539 possit
325 3456 396 3541 quis
420 3454 588 3524 defendere
610 3455 659 3518 ius
680 3454 742 3518 sibi
761 3476 830 3518 esse
849 3475 963 3538 cogere
983 3456 1207 3522 adversarium
1284 3505 1285 3530 1

196 3545 325 3609 reficere
348 3545 505 3630 parietem
530 3544 570 3608 ad
594 3564 692 3609 onera
715 3565 773 3608 sua
796 3543 990 3610 sustinenda.
1109 3562 1122 3589 -·
1284 3539 1285 3560 ἶ
