2588 3908
134 3229 148 3272 l

187 185 250 250 192
287 185 334 241 VI.
356 183 493 241 OCTAVI
511 181 610 240 SAEG.
625 184 722 240 rosis
741 183 914 241 CONSULT.
933 183 1059 240 senius
1079 183 1191 238 PRIMA
1271 159 1272 162 Ἴ

523 371 570 432 De
591 373 635 431 rei
656 373 855 432 vindicatione.
1272 417 1273 452 ,

273 492 324 557 80.
357 490 395 557 D.
416 491 445 574 6,
467 493 495 573 l,
514 490 566 556 58.
602 490 722 555 Paulus
751 488 833 574 libro
856 489 1192 580 tertioepitomarum
1272 465 1273 496 ¹

184 579 295 644 Alfeni
314 578 522 665 Digestorum
543 577 591 666 (P.
606 577 673 664 49).
710 580 739 642 A
759 601 821 663 quo
842 600 952 642 servus
970 578 1143 662 petebatur
1161 586 1192 643 et

186 669 327 733 eiusdem
347 669 431 733 servi
447 669 577 732 nomine
592 690 664 733 oum
680 689 717 732 eo
731 667 811 732 furti
825 667 991 752 agebatur,
1009 668 1192 751 quaerebat,
1273 693 1274 704 ¹

186 756 214 821 si
240 761 377 841 utroque
405 756 522 820 iudicio
550 757 781 821 condemnatus
805 758 904 839 esset,
931 755 1006 840 quid
1030 755 1191 820 sefacere

186 850 360 929 oporteret.
402 845 430 908 si
448 845 536 928 prius
557 866 668 910 seruus
687 845 728 908 ab
748 866 785 909 eo
806 845 928 909 evictus
948 847 1042 924 esset,
1060 865 1192 928 respon-

185 934 241 1013 dit,
264 956 330 999 non
353 935 502 1016 oportere
520 933 658 998 iudicem
678 955 801 1018 cogere,
823 938 861 997 ut
878 955 952 997 eum
969 933 1112 997 traderet
1129 933 1192 997 nisi

186 1023 214 1086 ei
247 1022 439 1087 satisdatum
473 1026 571 1105 esset,
604 1023 689 1106 quod
722 1044 781 1106 pro
814 1043 851 1086 eo
881 1021 1013 1086 homine
1041 1021 1191 1087 iudicium

185 1111 371 1195 accepisset,
398 1107 426 1174 si
450 1111 525 1196 qnid
550 1111 591 1176 ob
615 1133 685 1176 eam
709 1132 776 1174 rem
801 1110 911 1174 datum
935 1113 1029 1194 esset,
1051 1110 1083 1174 id
1107 1115 1192 1175 recte

184 1199 350 1284 praestari.
392 1200 448 1264 sed
472 1200 499 1263 si
522 1201 612 1283 prius
635 1201 672 1264 de
691 1199 776 1264 furto
796 1199 949 1263 iudicium
968 1199 1089 1264 factum
1108 1206 1193 1266 esset

185 1293 218 1353 et
244 1287 408 1352 hominem
435 1310 538 1353 noxae
567 1289 721 1372 dedisset,
753 1287 866 1352 deinde
894 1288 933 1352 de
961 1287 1032 1371 ipso
1062 1289 1192 1352 homine

182 1377 359 1442 secundum
377 1378 550 1461 petitorem
568 1376 722 1442 iudicium
741 1376 861 1442 factum
881 1380 976 1460 esset,
994 1397 1061 1442 non
1078 1377 1192 1441 debere

186 1467 227 1530 ob
260 1487 330 1531 eam
364 1487 432 1530 rem
464 1465 615 1550 iudicem,
648 1466 733 1551 quod
760 1465 923 1531 hominem
952 1487 1017 1530 non
1043 1465 1193 1548 traderet,

184 1555 275 1619 litem
300 1554 481 1639 aestimare,
504 1555 659 1640 quoniam
681 1554 763 1620 nihil
787 1555 855 1620 eius
879 1553 974 1638 culpa
994 1575 1099 1638 neque
1118 1554 1192 1620 dolo

184 1644 388 1728 contigisset,
413 1666 475 1729 qno
500 1644 606 1710 minus
628 1643 794 1708 hominem
816 1643 968 1708 traderet.

271 1773 377 1832 Alfeni
399 1773 449 1834 vel
467 1773 556 1832 Pauli
579 1772 676 1832 oratio
699 1772 917 1832 aTriboniano
938 1772 983 1832 ita
1000 1775 1119 1832 mutata
1137 1774 1192 1848 est,

183 1865 219 1921 ut
241 1863 372 1941 genuina
394 1863 491 1922 forma
513 1881 550 1920 ne
574 1860 702 1920 divinari
725 1861 847 1938 quidem
869 1861 972 1938 possit.

459 2047 506 2105 De
528 2049 638 2106 actione
660 2048 700 2106 eoi
722 2047 916 2107 achimaam.

272 2166 323 2229 81.
348 2165 387 2228 D.
400 2165 450 2247 10,
463 2165 494 2248 4,
507 2165 557 2229 19.
589 2163 708 2230 Paulus
732 2165 816 2230 libro
836 2168 952 2250 quarto
976 2166 1190 2250 epitomarum

183 2251 293 2317 Alfeni
313 2250 362 2339 (P.
383 2250 449 2338 66).
487 2254 537 2318 Ad
561 2253 775 2319 exhibendum
799 2259 936 2336 possunt
960 2275 1055 2338 agere
1079 2276 1191 2318 omnes

183 2361 319 2425 quorum
339 2343 483 2406 interest.
521 2342 577 2407 sed
595 2343 725 2428 quidam
744 2343 915 2421 consuluit,
939 2365 978 2407 an
999 2343 1103 2426 possit
1123 2342 1191 2408 effi-

184 2451 254 2496 cere
272 2430 351 2495 haeo
367 2431 460 2516 actio,
478 2434 515 2496 ut
528 2431 670 2497 rationes
685 2431 861 2498 adversarii
876 2429 938 2496 sibi
953 2431 1192 2515 exhiberentur,

185 2541 264 2604 quas
292 2517 437 2585 exhiberi
464 2521 576 2606 magni
603 2522 671 2586 eius
698 2523 877 2586 interesset.
927 2519 1096 2604 respondit
1125 2542 1191 2586 non

185 2612 333 2693 oportere
365 2610 416 2673 ius
449 2610 541 2674 civile
574 2611 763 2675 calumniari
793 2630 897 2693 neque
926 2610 1024 2674 verba
1057 2608 1192 2694 captari,
1279 2611 1280 2668 f

184 2698 239 2762 sed
258 2720 322 2782 qua
340 2702 447 2763 mente
465 2699 541 2784 quid
556 2693 724 2781 diceretur,
743 2698 998 2764 animadvertere
1012 2699 1192 2762 convenire.

183 2808 259 2850 narn
287 2787 345 2851 illa
371 2788 497 2852 ratione
526 2789 624 2852 etiam
653 2787 831 2853 studiosum
861 2785 996 2851 alicuius
1026 2786 1192 2852 doctrinae

183 2896 278 2956 posse
311 2875 415 2939 dicere
443 2898 501 2940 sua
528 2877 683 2941 interesse
711 2877 785 2940 illos
814 2878 871 2940 aut
896 2875 970 2940 illos
998 2875 1102 2942 libros
1129 2875 1193 2940 sibi

184 2961 341 3047 exhiberi,
375 2963 462 3046 quia,
495 2964 523 3028 si
550 2970 657 3028 essent
684 2963 833 3046 exhibiti,
865 2986 937 3028 cum
965 2985 1019 3030 eos
1047 2965 1193 3050 legisset,

184 3050 306 3116 doctior
330 3055 362 3115 et
385 3051 498 3116 melior
520 3054 647 3118 futurus
671 3057 764 3118 esset.

550 3244 597 3303 De
619 3262 697 3318 aquo
713 3237 827 3317 pincio.

272 3361 324 3426 82.
347 3361 387 3425 Ι).
402 3363 453 3447 39,
468 3363 498 3446 3,
512 3363 564 3428 24.
590 3362 726 3427 Alfenus
745 3363 829 3428 libro
849 3365 965 3448 quarto
981 3362 1192 3446 Digestorum

185 3449 324 3514 aPaulo
344 3452 592 3533 epitomatorum
613 3450 663 3538 (P.
679 3449 745 3538 64).
776 3450 909 3516 Vicinus
932 3451 995 3517 loci
1014 3453 1192 3536 superioris

183 3543 313 3619 pratum
337 3539 385 3604 ita
410 3541 530 3624 arebat,
554 3545 590 3606 ut
608 3562 664 3626 per
683 3541 789 3606 sulcos
808 3540 951 3624 itemque
971 3561 1084 3623 porcas
1106 3561 1193 3625 aqua
