2614 3914
190 199 255 268 41ss
283 205 356 262 VIII.
371 204 504 261 OCTAVl
518 205 724 262 SAEC.1URIS
741 205 914 262 UONSULT.
925 205 1050 262 SERIES
1065 207 1204 262 TERTIA

192 391 288 453 opere
312 373 437 454 agatur,
461 370 547 455 quod
570 392 669 434 manu
691 369 814 434 factum
833 371 884 454 sit,
908 370 1093 436 omnimodo
1113 371 1206 436 resti·

193 459 344 522 tuendum
374 459 406 522 id
435 481 504 524 esse
533 459 574 523 ab
603 480 654 536 eo,
682 481 756 523 cum
784 481 847 542 quo
871 460 993 545 agitur:
1021 460 1049 522 si
1072 481 1149 525 vero
1172 460 1207 524 ri

192 546 335 611 fluminis
359 567 460 632 agger
483 548 607 612 deletus
632 549 675 612 sit
698 552 754 612 aut
773 547 882 632 glarea
900 548 1020 612 iniecta
1040 553 1098 612 aut
1115 547 1207 613 fossa

191 637 269 700 limo
293 637 431 719 repleta,
459 640 536 700 tunc
558 637 752 720 patientiam
776 637 946 701 dumtaxat
966 637 1206 721 praestandam.

282 725 332 790 36.
357 725 396 790 D.
411 725 464 807 39,
478 726 508 809 3,
523 727 552 809 3,
570 727 598 790 1.
630 724 790 808 Ulpianus
809 726 894 790 libro
914 727 1207 810 quinquagensimo

192 814 288 878 tertio
327 814 367 878 ad
404 814 542 878 edictum
580 811 628 900 (P.
654 811 783 900 1285b).
833 863 867 878 ..
900 813 1073 878 Trebatius
1110 818 1208 899 putat

193 924 275 986 cum,
298 904 349 967 cui
368 924 469 987 aquae
488 903 623 968 fluentes
643 903 766 968 calidae
784 908 934 988 noceant,
955 925 1058 987 aquae
1077 904 1207 987 pluviae

193 991 349 1055 arcendae
373 1013 445 1056 cum
468 992 574 1057 vicino
598 1013 694 1076 agere
717 1014 822 1075 posse.

282 1081 334 1145 37.
366 1079 403 1146 D.
423 1081 481 1164 39,
499 1081 636 1164 3,3pr.
677 1075 838 1165 Ulpianus
868 1081 952 1144 libro
984 1081 1207 1166 quinquagen-

194 1169 275 1233 simo
304 1170 402 1234 tertio
427 1169 468 1233 ad
491 1169 631 1234 edictum
655 1167 705 1255 (P.
721 1167 851 1255 128512).
896 1167 994 1254 Apud
1017 1168 1206 1234 Trebatium

192 1259 331 1321 relatum
351 1262 401 1322 est
420 1279 501 1337 eum,
520 1259 552 1322 in
573 1259 662 1323 cuius
681 1257 781 1324 fundo
801 1281 884 1342 aqua
903 1258 1014 1344 oritur,
1032 1258 1206 1323 fullonicas

193 1347 277 1410 cirea
306 1348 431 1411 fontem
458 1347 641 1412 instituisse
668 1352 701 1411 et
728 1370 766 1412 ex
794 1347 845 1412 his
871 1369 987 1431 aquam
1011 1347 1046 1411 in
1068 1347 1205 1412 fundum

192 1435 288 1500 vicini
320 1435 495 1500 immittere
529 1437 687 1520 coepisse:
720 1437 767 1501 ait
798 1457 876 1522 ergo
906 1458 972 1500 non
1001 1437 1105 1510 teneri
1134 1457 1206 1501 eum

194 1545 295 1608 aquae
318 1525 445 1608 pluviae
469 1525 625 1590 arcendae
649 1526 784 1590 actione.

435 1709 482 1768 De
498 1711 614 1782 pecoris
637 1710 676 1767 ad
699 1726 807 1782 cononi
830 1709 964 1782 odpnlsn.

282 1817 335 1883 38.
361 1817 400 1883 D.
420 1819 477 1901 43,
496 1819 552 1899 20,
573 1821 604 1897 1,
626 1819 676 1884 18.
716 1817 874 1902 Ulpianus
902 1818 986 1882 libro
1012 1821 1204 1904 septuagen-

194 1907 275 1970 simo
305 1907 345 1970 ad
369 1907 509 1972 edictum
533 1905 582 1992 (P.
604 1904 713 1992 1570).
758 1907 942 1989 Trebatius,
970 1929 1042 1971 cum
1067 1908 1205 1991 amplior

192 2017 344 2060 numerus
376 1997 501 2079 pecoris
534 1996 575 2059 ad
605 2018 721 2079 aquam
754 1996 946 2079 appelletur,
982 2017 1079 2079 quam
1108 1996 1204 2060 debet

193 2084 320 2167 appelli,
343 2106 438 2167 posse
459 2085 758 2167 universumpecus
778 2086 908 2168 impune
927 2083 1101 2168 prohiberi,
1127 2087 1203 2169 quia

192 2174 337 2236 iunctum
361 2194 458 2256 pecus
481 2173 511 2236 ei
529 2174 646 2255 pecori,
670 2173 721 2236 cui
739 2173 893 2257 adpulsus
912 2173 1074 2257 debeatur,
1097 2178 1204 2238 totum

193 2268 379 2343 corrumpat
402 2262 526 2345 pecoris
551 2261 728 2344 adpulsum.

500 2445 547 2503 De
568 2448 707 2518 'emptione
728 2447 895 2505 venditione.

556 2551 600 2606 De
617 2553 705 2620 fundo
723 2555 839 2608 vendito.

283 2654 334 2721 39.
366 2653 404 2720 D.
428 2654 482 2738 19,
502 2656 530 2738 1,
555 2655 605 2736 17,
624 2655 654 2718 2.
704 2653 861 2739 Ulpianus
894 2653 978 2719 libro
1010 2653 1204 2738 trigensimo

194 2745 334 2808 secundo
367 2743 407 2808 ad
439 2743 578 2806 edictum
609 2740 659 2828 (P.
681 2743 781 2830 938⁰).
836 2743 948 2807 Fundo
985 2742 1115 2806 vendito
1153 2741 1206 2806 vel

194 2834 302 2916 legato
323 2832 531 2896 sterculinum
551 2836 584 2895 et
602 2837 780 2896 stramenta
799 2832 953 2916 emptoris
971 2829 1034 2896 vel¹
1054 2831 1206 2914 legatarii

194 2925 284 3004 sunt,
315 2921 405 3005 ligna
437 2923 545 2984 autem
578 2921 754 2985 venditoris
784 2922 835 2985 vel
862 2920 1003 3002 heredis,
1035 2920 1111 3004 quia
1139 2941 1204 2984 non

195 3013 271 3072 sunt
293 3009 398 3092 fundi,
426 3009 556 3072 tametsi
579 3009 618 3072 ad
643 3031 713 3072 eam
737 3031 806 3074 rem
829 3013 1017 3092 comparata
1040 3013 1123 3072 sunt.
1170 3009 1206 3072 in

195 3098 367 3162 sterculino
395 3145 425 3161 ..
455 3097 619 3161 distinctio
643 3096 786 3162 Trebatii
813 3097 982 3182 probanda
1009 3102 1073 3180 est,
1099 3101 1149 3180 ut,
1178 3098 1206 3160 si

195 3187 325 3271 quidem
344 3185 548 3251 stercorandi¹
562 3186 632 3272 agri
652 3207 750 3251 cauea
768 3191 990 3270 comparatum
1009 3186 1060 3268 sit,
1079 3189 1204 3270 empto·

194 3298 264 3339 rem
288 3281 456 3360 sequatur,
480 3275 507 3340 si
531 3275 699 3356 vendendi,
722 3276 955 3355 venditorem[‚
978 3275 1041 3339 nisi
1064 3275 1092 3339 si
1116 3275 1205 3339 aliud

195 3369 304 3429 actum
332 3366 408 3446 est]:
437 3386 495 3429 nee
522 3364 671 3448 interest,
700 3363 735 3428 in
765 3365 892 3429 stabulo
921 3365 1023 3429 iaceat
1051 3385 1092 3428 an
1120 3384 1205 3428 acer-

194 3475 253 3517 vus
279 3454 330 3520 sit.

262 3589 280 3658 ¹1
304 3583 352 3637 Fr.
372 3587 408 3638 et.
