2614 3914
176 197 243 262 360
268 195 341 254 VIII.
357 194 493 252 OOTAVI
507 195 714 254 SAEO.IURIS
730 197 906 257 CONSULT.
916 199 1041 256 suillas
1056 199 1192 256 TPRTIA

175 365 259 426 ronis
282 365 462 426 sententiam
484 365 636 448 voluntati
657 365 791 427 defuncti
809 367 905 446 magis
923 371 998 445 puto
1017 363 1191 430 eonvenite'

176 453 213 515 D.
228 455 280 532 32,
295 455 377 530 29,4
400 453 432 514 Ρ.
452 457 525 531 174,
549 449 667 514 ‘Ofilius
691 453 854 516 Cascellius
878 457 996 517 Tubero
1017 503 1045 518 ..
1065 461 1192 536 putent;

175 542 276 604 Labeo
304 542 336 602 id
365 543 474 619 probat
500 543 592 619 idque
613 562 720 606 rerum
742 538 799 604 est’
823 545 859 605 D.
879 547 930 622 33,
950 547 979 623 6,
1000 549 1018 606 7
1045 546 1079 607 P.
1101 541 1190 629 180).

556 772 580 833 I.
610 775 804 851 Responsa.

264 897 334 959 Non
356 898 421 974 ipse
443 897 575 976 collegit,
598 898 650 958 sed
670 899 780 979 Labeo,
802 903 838 960 ut
860 900 989 963 ridetur.
1030 903 1066 962 of.
1086 902 1123 962 D.
1138 905 1191 975 32,

179 989 230 1065 29,
243 989 278 1066 43
300 988 337 1047 D.
354 989 404 1065 33,
421 989 449 1063 6,
465 991 498 1064 7,
520 987 557 1047 D.
572 988 624 1066 33,
640 991 669 1064 7,
684 991 792 1066 25pr.;
814 989 850 1049 D.
867 992 918 1068 18,
934 993 963 1068 1,
979 993 1029 1051 77.

593 1183 640 1242 De
662 1184 771 1259 leuatis.

452 1299 496 1354 De
513 1299 598 1368 feudi
615 1301 794 1356 iastmmeulo
813 1299 907 1371 boeto.

270 1410 297 1474 1.
325 1407 365 1473 D.
383 1408 440 1492 33,
460 1409 493 1493 7,
516 1409 559 1474 25
573 1430 621 1494 pr.
670 1408 842 1475 Iavolenus
870 1411 955 1476 libro
984 1409 1123 1475 seeundo
1151 1432 1190 1476 ex

178 1497 414 1584 posterioribus
442 1497 602 1563 Labeonis
630 1497 678 1582 (P.
699 1495 788 1585 182).
837 1497 942 1564 Fundi
973 1499 1190 1564 instrumento

181 1588 290 1672 legato
309 1586 341 1652 id
360 1607 458 1670 peeus
478 1585 587 1652 eedere
606 1587 744 1672 putabat
763 1588 898 1674 Tubero,
919 1587 1050 1672 quodie
1069 1588 1190 1653 fundus

179 1677 341 1741 sustinere
363 1674 531 1760 potuisset

231 1842 275 1897 De
292 1843 358 1899 oleo
376 1843 434 1898 oleo
451 1842 588 1908 frurento
608 1848 682 1897 ooeto
700 1843 825 1898 mellitus
843 1841 1014 1898 salsamentis
1033 1843 1138 1912 leuatis.

268 1954 299 2018 2.
321 1950 360 2017 D.
380 1952 433 2034 33,
451 1951 481 2033 6,
500 1952 530 2016 7.
565 1949 736 2016 Iavolenus
761 1951 844 2016 libro
864 1951 1004 2017 seeundo
1024 1973 1062 2016 ex
1083 1958 1192 2035 poste·

179 2040 322 2106 rioribus
347 2039 506 2105 Labeonis
529 2035 579 2124 (P.
595 2035 684 2124 180).
725 2039 862 2115 Quidam
885 2039 1034 2105 heredem
1058 2039 1192 2106 damne-

178 2133 271 2194 verat
290 2129 365 2192 dare
383 2128 478 2192 uxori
497 2148 573 2192 suae
592 2130 702 2192 vinum
721 2129 826 2193 oleum
845 2129 1043 2194 frumentum
1063 2134 1190 2194 acetum

180 2218 278 2282 mella
302 2217 507 2282 salsamenta.
544 2214 715 2282 Trebatius
740 2217 847 2282 aiebat
871 2240 909 2281 ex
932 2217 1070 2302 singulis
1094 2218 1192 2283 rebus

178 2328 246 2371 non
272 2305 412 2390 amplius
430 2304 549 2388 deberi,
567 2326 665 2388 quam
684 2310 840 2390 quantum
858 2305 951 2370 heres
970 2305 1100 2370 mulieri
1115 2306 1193 2372 dere

180 2393 350 2476 voluisset,
377 2393 529 2478 quoniam
557 2415 622 2458 non
652 2395 812 2460 adiectum
841 2398 941 2476 esset,
972 2399 1128 2478 quantum
1154 2418 1192 2460 ex

180 2505 307 2569 quaque
335 2505 369 2547 re
397 2483 536 2549 daretur.
581 2482 695 2549 Ofilius
723 2481 900 2550 Cascellius
929 2483 1058 2548 Tubero
1087 2505 1194 2567 omne,

181 2579 337 2658 quantum
360 2578 455 2657 pater
477 2571 619 2638 familias
642 2573 835 2658 reliquisset,
858 2573 1002 2656 legatum
1024 2575 1154 2656 putent.

516 2739 561 2794 De
577 2740 738 2810 supellectili
756 2740 851 2810 leuato.

269 2849 299 2912 3.
327 2847 440 2931 D.33,
462 2849 517 2930 10,
538 2849 567 2933 7,
597 2851 624 2912 1.
651 2850 681 2913 2.
728 2847 842 2913 Oelsus
865 2847 949 2912 libro
968 2849 1081 2914 decim
1104 2870 1192 2914 nono

180 2935 393 3020 Digestorum
416 2934 466 3019 (P.
483 2932 571 3022 168).
613 2935 740 3002 Tubero
763 2937 825 3002 hoe
848 2936 944 3002 modo
968 2937 1193 3002 demonstrare

181 3023 413 3108 supelleetilem
441 3027 593 3108 temptat:
621 3025 870 3090 instrumentum
899 3026 1059 3110 quoddam
1088 3027 1192 3109 patris

180 3113 325 3178 familiae
348 3135 456 3177 rerum
480 3113 519 3177 ad
539 3113 752 3179 cottidianum
769 3136 865 3179 usum
883 3118 1082 3199 paratarum,
1105 3115 1192 3200 quod

180 3204 214 3268 in
238 3201 337 3267 aliam
360 3201 497 3286 speeiem
520 3224 585 3269 non
609 3201 745 3286 eederet,
768 3207 806 3268 ut
828 3203 918 3268 verbi
941 3201 1048 3290 gretia
1070 3225 1192 3288 penum

181 3294 352 3378 argentum
388 3295 511 3357 vestem
549 3295 739 3358 ornamenta
775 3292 990 3357 instrumenta
1026 3293 1098 3377 agri
1136 3296 1193 3358 aut

180 3382 303 3447 domus.

271 3469 398 3536 Servius
417 3469 539 3536 fatetur
553 3469 747 3534 sententiam
763 3469 830 3534 eius
847 3469 903 3552 qui
916 3469 1074 3552 legaverit
1089 3470 1192 3554 sspiei

181 3561 331 3642 oportere
358 3559 392 3624 in
418 3581 514 3646 quam
537 3559 696 3625 rationem
720 3579 758 3623 ea
781 3558 894 3624 solitus
920 3557 963 3621 eit
987 3557 1115 3643 referre,
1139 3580 1191 3624 ve-
