2614 3914
401 229 426 276 1.
450 220 478 276 0.
494 203 699 275 renuamus
719 214 835 270 rnsrn
1060 218 1125 282 413

428 389 474 448 Da
497 389 629 463 1001111010
651 389 808 450 heredibus

203 491 256 556 23.
282 490 622 575 D.38,10,10,15.
663 489 752 554 Idem
777 485 923 576 (Paulus)
948 489 1032 552 libro
1063 488 1126 551 sin-

113 581 222 667 gulari
250 580 288 644 de
317 578 471 664 gradibus
498 584 531 642 et
559 579 719 642 adfinibus
748 586 780 644 et
806 578 991 644 nominibus
1015 598 1126 640 eorum

5 657 6 662 ἵ
113 669 163 756 (P.
180 666 269 752 876).
302 667 423 744 Quarto
441 667 542 752 gradu
555 689 713 752 personae
728 669 934 733 continentur
949 667 1126 750 octoginta.
1146 727 1149 732 .

192 757 304 822 eodem
329 755 430 842 gradu
454 761 529 820 sunt
552 761 584 820 et
607 757 655 820 illi
679 757 735 840 qui
758 760 915 822 vocantur
933 755 1050 820 fratres
1069 776 1125 838 pa·

113 847 245 928 trueles,
268 847 346 910 item
372 866 498 918 sorores
522 846 691 928 patrueles,
717 846 843 910 amitini
867 846 1029 927 amitinae,
1053 865 1126 908 con·

115 935 238 1004 sobrini
268 933 494 999 consobrinae:
523 933 689 998 hiantem
714 938 803 1017 sunt,
832 934 887 1018 qui
910 957 949 998 ex
972 932 1126 996 fratribus

115 1027 168 1090 vel
187 1023 354 1088 sororibus
372 1025 561 1098 nascuntur.
591 1045 670 1106 quos
690 1023 819 1106 quidam
838 1023 884 1086 ita
903 1023 1127 1104 distinxerunt,
1186 1071 1187 1074 1

115 1119 154 1178 111
177 1134 232 1178 eos
255 1112 393 1196 quidem,
417 1113 472 1196 qui
495 1134 535 1175 ex
557 1111 714 1176 fratribus
735 1113 806 1176 nati
825 1115 911 1190 sunt,
935 1111 1051 1174 fratres
1070 1132 1126 1193 pa-

115 1202 247 1282 trueles
266 1202 345 1265 item
364 1222 428 1282 eas,
450 1221 532 1284 quae
551 1222 590 1264 ex
608 1200 763 1265 fratribus
783 1207 878 1264 natae
898 1204 982 1281 sunt,
1002 1221 1128 1263 sorores

116 1291 293 1375 patrueles,
327 1311 366 1352 ex
397 1289 497 1353 fratre
527 1293 634 1377 autem
663 1293 695 1352 et
728 1311 837 1353 sorore
871 1289 1021 1352 amitinos
1052 1288 1129 1352 arni-

115 1381 217 1456 tinas‚
245 1400 299 1443 eos
327 1400 403 1443 vero
433 1384 466 1442 et
489 1399 557 1460 eas,
586 1379 640 1461 qui
668 1399 787 1461 quaeve
811 1400 850 1441 ex
873 1379 1037 1442 sororibus
1060 1377 1129 1440 nati

116 1472 253 1533 nataeve
277 1471 364 1548 sunt,
393 1466 603 1531 consobrinos
628 1466 837 1533 consobrinas
861 1466 954 1550 qnasi
978 1486 1127 1530 consoro-

116 1558 219 1640 rinos3
254 1556 308 1620 sed
341 1555 485 1638 plerique
518 1555 577 1618 bos
611 1576 721 1621 omnes
750 1555 966 1619 ¹consobrinos
1002 1561 1129 1636 vocant,

117 1647 203 1710 sicut
225 1644 407 1708 Trebatius,

5 1791 6 1818 2
207 1731 259 1799 24.
287 1731 326 1796 D.
346 1734 397 1814 38,
414 1733 531 1816 10‚10,
548 1732 597 1797 18.
638 1730 758 1796 Paulus
781 1731 857 1795 ibid.
899 1731 960 1795 His
983 1732 1128 1814 personis
1207 1767 1209 1774 =

120 1845 199 1888 avus
224 1822 295 1886 avia
320 1822 397 1904 eiua,
421 1821 459 1884 de
480 1821 568 1884 cuius
588 1819 778 1904 cognatione
798 1820 974 1904 quaeritur,
996 1821 1129 1903 propius

5 1913 6 1976 ξ
119 1911 260 1976 sobrinis
284 1914 369 1994 sunt,
392 1914 484 1994 pater
507 1913 611 1973 mater
630 1909 778 1973 sobrinus
798 1909 942 1973 sobrina:
966 1908 1074 1992 <ipsi>
1092 1907 1130 1990 is,

5 1997 6 2014 ³
119 2001 159 2064 de
183 2001 272 2064 cuius
297 2001 490 2084 cognatione
514 1997 689 2082 quaeritur,
712 1997 844 2062 sobrino
868 2002 963 2062 natus
988 2001 1050 2061 est:
1077 1997 1130 2060 hic

118 2090 266 2174 proximo
293 2088 424 2152 nomine
452 2086 603 2151 definitur
631 2087 775 2170 parentis
799 2087 849 2150 sui
872 2087 1067 2168 [sobrinus],
1095 2091 1131 2149 ut

119 2177 292 2242 Trebatius
317 2177 371 2259 ait,
393 2176 616 2259 rationemque
640 2176 780 2241 nominis
804 2176 887 2240 hanc
907 2175 1021 2253 reddit,
1045 2175 1130 2258 quod

118 2267 227 2332 ultimi
256 2265 487 2350 cognationum
518 2265 637 2350 gradus
666 2266 872 2329 sobrinorum
899 2264 982 2328 fiunt
1011 2264 1131 2347 [itaque

120 2355 246 2421 sobrini
265 2355 368 2418 filium
386 2359 471 2418 recte
490 2355 673 2436 proximum
691 2376 808 2418 nomen
828 2354 869 2417 ab
889 2375 927 2418 eo
946 2353 1017 2436 ipso
1034 2352 1131 2418 huius

121 2444 246 2511 sobrini
263 2443 350 2507 filius
369 2439 516 2526 dicetur,]
541 2446 573 2505 et
592 2442 663 2506 ideo
683 2463 748 2526 eos,
771 2441 884 2528 quiex
903 2442 1044 2506 sobrinis
1063 2442 1133 2505 nati

121 2537 211 2612 sunt,
239 2533 323 2596 inter
350 2553 384 2596 se
410 2531 592 2615 proximum
615 2551 732 2594 nomen
757 2531 934 2614 appellare:
962 2530 1021 2594 hos
1046 2530 1131 2593 enim

119 2622 248 2687 nullum
267 2621 432 2705 proprium
451 2619 571 2684 habere
589 2640 715 2702 nomen,
734 2641 796 2702 quo
816 2615 901 2682 inter
919 2639 953 2682 se
967 2624 1131 2682 vocentur.

429 2777 477 2834 De
498 2757 659 2849 sumptious
680 2776 824 2852 swanum.

116 2845 117 2848 Ἴ
213 2878 265 2944 25.
292 2877 331 2942 D.
353 2880 407 2961 11,
427 2879 460 2960 7,
480 2879 535 2962 14,
556 2879 606 2942 11.
656 2875 814 2960 Ulpianus
842 2876 926 2940 libro
956 2875 1132 2940 vicensimo

122 2969 238 3054 quinto
263 2968 303 3031 ad
327 2961 643 3050 0111011110(Ρ.152).
682 2963 718 3030 Si
740 2966 811 3050 quis
836 2965 910 3030 dum
932 2987 965 3029 se
984 2965 1133 3028 heredem

121 3062 231 3142 putat,
258 3059 384 3140 patrem
412 3055 552 3119 familias
579 3055 787 3139 funeraverit,
814 3055 978 3118 funeraria
1008 3055 1133 3119 actione

123 3147 174 3210 uti
188 3167 254 3210 non
269 3145 398 3229 poterit,
418 3143 493 3229 quia
507 3165 571 3208 non
585 3143 648 3208 hoc
663 3143 771 3213 animo
785 3143 872 3228 fecit,
887 3143 979 3228 quasi
994 3143 1133 3207 alienum

5 3243 6 3248 ’
123 3235 293 3319 negotium
318 3253 447 3318 gerens,
471 3233 573 3296 etita
596 3231 765 3296 Trebatius
789 3279 817 3298 ..
841 3237 943 3315 putat.

559 3389 606 3447 Da
628 3390 697 3448 dote.

215 3491 268 3557 26.
300 3491 340 3556 D.
362 3489 439 3555 ibid.
457 3492 477 3570 ξ
492 3491 522 3555 2.
562 3488 732 3554 Iavolenus
761 3488 836 3553 ibid.
882 3487 965 3552 Filia
992 3487 1134 3552 familias

127 3579 267 3646 divortio
290 3580 377 3646 facto
402 3578 509 3644 dotem
529 3579 614 3664 patri
633 3577 723 3642 reddi
742 3578 888 3663 iusserat,
912 3577 1025 3642 deinde
1044 3583 1135 3662 parte
