2598 3910
407 159 430 208 1.
453 151 802 238 recusaremus
860 115 862 122 ’
985 209 989 216 ,
1041 119 1148 218 291⁵

98 342 169 383 rum
188 323 312 382 illorum
328 321 422 381 libros
441 320 630 392 exscriberet,
648 321 744 379 multa
763 321 907 381 delevisse
923 324 1038 381 certum
1053 325 1107 383 est.

100 413 139 474 cf.
164 429 241 489 quae
265 411 402 488 Xrueger
423 430 451 485 p.
469 411 530 469 168
554 409 591 468 de
614 410 728 471 Juliani
750 409 883 485 Digestis
906 409 1000 470 docet.
1037 478 1039 482 ¹

191 499 278 570 Quod
299 491 344 558 'ad
370 517 469 557 rerum
496 497 630 557 ordinem
658 517 746 575 quem
767 497 894 557 Alfenus
917 499 949 557 in
971 499 1105 574 Digestis

100 589 269 649 scribendis
293 590 412 647 secutus
431 591 478 646 est
500 587 618 661 attinet,
641 587 677 645 de
696 587 882 646 testamentis
901 587 1007 648 libroI
1024 590 1105 646 trec-

98 680 200 738 tatum
222 678 316 736 fuisse
340 675 452 736 scimus
472 668 521 756 (D.
536 677 588 752 28,
604 678 632 752 1,
647 667 712 756 25).
759 693 835 752 quae
863 694 910 735 res
934 675 972 734 ad
994 676 1107 735 Mucia-

99 787 175 826 num
197 785 298 825 rerum
321 764 452 824 ordinem
475 761 578 840 (supra
599 785 627 841 p.
649 760 705 842 69)
728 783 783 823 nos
805 765 928 846 releget.
974 783 1010 823 ea
1032 783 1105 840 quo-

100 875 158 932 que
190 873 266 931 quae
294 871 329 912 ex
356 853 441 912 libris
468 851 595 910 XXXIV
623 856 654 912 et
680 853 805 911 XXXIX
832 853 1007 929 traduntur,
1039 872 1106 912 cum

100 943 132 1014 Q.
157 943 251 1002 Mucii
273 943 350 1002 libro
373 941 429 1000 XV
452 933 559 1020 (supra
580 961 609 1017 p.
625 935 681 1020 96)
705 941 816 1017 optime
839 942 1027 1002 conveniunt.

191 1030 278 1090 Certe
296 1030 505 1107 posteriorum,
524 1030 576 1105 qui
594 1030 787 1108 Digestorum
804 1030 897 1090 libros
916 1033 1106 1108 scripserunt,

99 1140 203 1180 rerum
226 1119 298 1179 ordo
321 1119 404 1178 alius·
422 1121 480 1178 est:
503 1136 574 1176 nem
596 1119 676 1194 apud
695 1117 823 1196 Oelsum,
844 1120 1008 1197 lulianum,
1027 1121 1106 1178 Mar·
1214 1171 1216 1177 .

99 1211 223 1284 cellum,
260 1207 433 1268 Scaevolam
464 1206 610 1267 librorum
638 1208 721 1282 prior
749 1227 818 1283 pars
849 1207 939 1268 edicti
967 1209 1106 1285 perpetui

97 1298 236 1358 ordinem
259 1296 401 1373 sequitur.
442 1294 569 1355 LenelI
592 1296 646 1354 col.
667 1297 729 1354 127
753 1315 780 1354 n.
802 1299 829 1371 1,
854 1298 917 1356 318
940 1316 969 1355 n.
989 1299 1018 1374 2,
1043 1299 1106 1357 590

97 1407 126 1446 n.
149 1387 183 1464 2,
214 1384 245 1443 ΙΙ
270 1386 332 1445 215
360 1404 391 1443 n.
411 1387 438 1443 1.
489 1384 525 1443 ol.
553 1383 689 1460 Krueger
719 1405 748 1461 p.
772 1387 845 1444 166.
875 1387 945 1445 168.
996 1387 1028 1444 at
1059 1386 1107 1445 hic

97 1494 203 1534 rerum
231 1473 302 1533 ordo
330 1492 366 1532 ex
394 1491 428 1532 eo
456 1473 575 1531 demum
597 1475 731 1549 tempore
754 1476 887 1533 statutus
909 1473 1041 1550 videtur,
1072 1494 1107 1533 ex

98 1582 159 1641 quo
182 1562 323 1621 Julianus
351 1561 482 1620 edictum
509 1561 682 1636 composuit.
727 1561 830 1637 itaque
858 1562 889 1620 hi
912 1562 1107 1639 Digestorum

97 1652 171 1712 libri
193 1651 225 1709 in
247 1649 433 1710 restituendo
451 1649 553 1708 Alfeni
576 1649 678 1708 ordine
701 1649 791 1709 duces
814 1668 879 1709 esec
901 1655 1062 1726 nequeunt.

188 1739 304 1817 Restat,
326 1743 362 1798 ut
380 1757 482 1797 rerum
501 1737 643 1814 ordinem,
666 1757 753 1816 quem
771 1732 874 1797 Alfeni
895 1739 1106 1814 epitomatores
1214 1730 1216 1736 ’
1262 1759 1266 1766 ·

99 1828 196 1888 secuti
224 1830 306 1905 sunt,
334 1830 511 1887 statuamus.
559 1827 690 1886 LenelI
718 1827 772 1886 col.
793 1829 832 1886 37
856 1829 923 1886 n.1
953 1828 1026 1886 haec
1049 1828 1105 1886 ait:

99 1912 215 1976 ‘rerum
246 1916 379 1976 ordinem
410 1917 442 1974 in
472 1917 600 1992 utraque
633 1917 762 1992 epitome
794 1915 911 1975 invenio
942 1915 1106 1976 diversum:

99 2023 250 2082 anonyma
273 2005 402 2081 epitome
426 2024 494 2064 cum
517 2005 607 2063 edicti
628 2004 766 2081 perpetui
785 2003 888 2065 ordine
905 2003 1026 2064 videtur
1044 2006 1107 2064 fere
1176 2043 1178 2048 -

98 2112 279 2172 congruere,
306 2093 469 2152 Paulianae
496 2093 666 2171 fragmenta
692 2111 788 2170 neque
815 2093 854 2152 ad
879 2093 966 2151 illum
993 2111 1106 2154 accom-

97 2182 216 2243 modari
242 2185 381 2258 possunt,
410 2200 506 2258 neque
534 2181 572 2240 ad
595 2182 691 2240 ullum
714 2181 808 2258 alium
831 2181 979 2260 ordinem,
1002 2183 1108 2260 quiin

98 2271 175 2330 iuris
191 2271 396 2330 consultorum
409 2270 494 2328 libris
507 2269 714 2347 inveniuntur3
732 2269 859 2328 Paulum
873 2271 970 2347 igitur
983 2272 1107 2349 genuini

99 2359 199 2436 operis
230 2358 363 2419 ordinem
397 2376 530 2418 servasse
562 2353 657 2433 puto'
711 2358 790 2434 quod
820 2358 867 2418 vir
899 2361 1108 2436 sagacissimus

67 2483 70 2490 .
98 2450 201 2526 docet,
228 2449 389 2507 maximam
414 2450 532 2523 partem
558 2446 683 2524 accipi03
710 2450 742 2506 at
768 2445 930 2506 Paulianae
959 2449 1109 2524 epitomae

98 2557 202 2597 rerum
226 2537 359 2596 ordinem
381 2553 503 2612 prorsus
522 2535 704 2610 singularem
723 2552 787 2594 esse
805 2554 896 2610 nego:
920 2555 988 2595 eum
1005 2540 1109 2612 potius

98 2626 131 2684 in
154 2624 307 2684 nonnullis
331 2644 397 2684 cum
420 2623 558 2682 Muciano
582 2623 685 2682 ordine
708 2623 864 2688 convenire
887 2628 969 2699 puto.

182 2784 287 2843 Pauli
312 2783 488 2860 epitomae
663 2779 696 2851 Q.
714 2780 823 2840 Mucii
845 2781 936 2842 iuris
960 2784 1083 2850 civilis

239 2872 328 2931 libri
349 2871 433 2930 VIII.
781 2870 868 2930 libri
889 2871 1000 2936 XVIII.

96 2979 175 3040 liber
187 2977 220 3038 II
249 2978 285 3036 de
297 2978 484 3038 testamentis
493 2980 523 3037 et
532 2978 571 3037 le·
633 2977 710 3038 libor
722 2978 746 3056 Ι,
760 2978 791 3037 lI
810 2981 841 3037 et
859 2979 987 3041 fortasse
1006 2985 1055 3048 Ill
1075 2987 1112 3047 do

249 3066 337 3144 gatis.
809 3070 1000 3134 testamentis
1022 3083 1053 3138 et
1070 3079 1113 3138 le·

114 3194 116 3198 .
809 3157 897 3232 gatis.

96 3245 174 3304 liber
188 3243 236 3304 III
249 3241 328 3304 inter
350 3243 410 3302 alia
428 3237 476 3302 ‘de
495 3243 572 3303 doti·
633 3245 710 3305 liber
724 3243 784 3302 VII
810 3243 846 3303 de
864 3247 909 3305 rei
924 3256 1054 3318 uxoriae
1069 3275 1115 3318 ar·

250 3326 326 3392 bus'.
764 3369 770 3388 .
809 3332 922 3394 bitrio?

97 3423 174 3483 liber
188 3421 232 3481 IV
250 3422 329 3480 inter
343 3415 459 3480 alia‘de
474 3415 571 3497 aqua'.
633 3421 710 3480 liber
723 3420 765 3479 XI
808 3421 844 3480 de
868 3429 968 3499 equa?

97 3512 174 3572 liber
187 3510 216 3569 V
247 3510 326 3570 inter
335 3510 395 3570 alia
405 3503 452 3569 ‘de
462 3501 570 3568 furtis'.
601 3521 605 3590 l
633 3509 709 3568 liber
722 3508 794 3567 XVI
808 3509 845 3568 de
867 3510 960 3578 furto.

644 3615 646 3618 ’
840 3609 894 3662 19*
