2588 3908
355 135 389 238 ¹8.
417 181 568 236 SERVIUS
588 181 770 237 SULPICIUS
788 181 906 238 RUFUS
1079 181 1141 246 189

16 339 18 388 3
133 367 208 409 nem
233 345 325 410 uxori
346 345 512 410 donasset:
535 367 610 408 nam
631 367 669 410 ex
687 344 784 410 tertia
801 348 894 428 parte
913 345 1057 408 mulieris
1076 366 1142 408 rem

16 431 17 444 ¹
132 436 254 499 laetam
280 456 346 498 non
375 454 453 518 esse,
480 455 519 498 ex
542 433 666 498 duabus
696 437 802 498 autem
830 433 977 518 partibus
1000 434 1143 516 reliquis,

16 523 17 596 J
134 523 162 586 si
194 523 228 586 id
261 522 398 587 scissent
428 523 545 586 fratres
579 525 635 586 aut
667 526 879 606 posteaquam
911 522 1032 586 donata
1059 527 1144 586 esset

133 616 242 676 ratum
256 611 456 691 habuissent,
474 633 540 676 non
559 610 675 675 debere
694 611 861 675 mulierem
877 609 988 694 (rem)
1003 609 1144 676 reddere.

224 713 425 772 Tribonianus
458 713 547 772 Pauli
581 713 632 774 vel
663 712 764 772 Alfeni
797 713 963 792 orationem
995 714 1143 788 eorrupit:

16 857 17 874 2
134 821 204 860 nam
228 802 354 878 legItur:
378 795 469 861 ‘idem
486 801 560 860 iuris
584 802 667 875 erit,
764 821 835 860 nam
854 849 882 861 ..
902 821 954 860 res
977 803 1062 862 faeta
1084 821 1144 862 non

135 884 206 950 est'
231 894 262 949 et
284 910 311 966 q.
331 909 353 950 s.
380 891 560 950 sententiam
586 893 704 966 partem
730 891 867 966 responsi
893 891 986 950 luisse
1010 894 1144 967 apparet.

225 991 277 1056 69.
305 991 344 1057 D.
358 993 411 1074 24,
427 992 455 1074 1,
470 993 521 1058 38.
557 991 692 1056 Alfenus
715 992 800 1057 libro
819 992 917 1058 tertio
936 991 1144 1078 Digestorum

16 1081 17 1088 '
135 1103 154 1144 a
177 1079 279 1145 Paulo
304 1081 553 1164 epItomatorum
572 1077 622 1166 (Ρ.
641 1079 709 1167 59).
746 1079 862 1146 Servus
887 1082 1065 1146 eommunis
1084 1081 1145 1145 viri

16 1177 17 1180 ’
136 1173 169 1234 et
193 1169 303 1233 fratris
327 1169 395 1233 eius
422 1191 557 1254 puerum
581 1169 714 1234 donavit
736 1170 829 1234 uxori
852 1171 975 1234 fratris:
998 1191 1057 1254 pro
1082 1191 1145 1252 qua

135 1257 281 1343 parteis
305 1281 416 1322 servus
445 1259 500 1342 qui
523 1259 676 1323 donasset
700 1259 762 1322 viri
785 1263 883 1342 esset,
910 1281 968 1342 pro
993 1281 1030 1323 ea
1052 1263 1144 1342 parte

136 1369 253 1411 munus
277 1368 344 1412 non
367 1369 436 1410 esse
460 1347 581 1412 foetum
605 1347 946 1430 mulierisrespondit.

229 1436 279 1500 70.
295 1435 371 1500 Vat.
385 1435 423 1500 fr.
433 1436 508 1501 294.
531 1485 556 1500 ..
575 1457 647 1500 oum
666 1435 752 1499 filius
766 1435 800 1498 in
816 1436 973 1500 divisione
987 1436 1144 1500 bonorum

136 1545 236 1608 penes
264 1524 413 1607 tratrem,
446 1525 532 1609 quod
561 1529 655 1608 pater
680 1524 868 1602 donaverat,
901 1545 1008 1588 errore
1035 1525 1146 1607 lapsus

136 1613 282 1696 reliquit,
309 1614 494 1696 portionem
523 1615 592 1677 eius
616 1635 681 1676 non
705 1633 775 1676 esre
799 1617 927 1698 captam
950 1635 1010 1677 usu
1034 1610 1145 1680 Servio

138 1699 281 1785 Sulpicio
314 1701 464 1784 placuit[,
497 1702 579 1786 quod
609 1722 711 1785 neque
738 1700 839 1766 frater
866 1702 935 1786 ipse
962 1701 1147 1783 donaverat,

136 1811 241 1874 neque
262 1793 355 1875 pater
377 1790 497 1854 donare
520 1793 673 1874 poterat].
1155 1807 1159 1814 ’

228 1903 264 1962 ef.
283 1902 363 1960 infra
386 1896 433 1960 ‘de
456 1895 650 1980 usucapione'
672 1905 721 1962 79.

559 2073 606 2132 De
627 2068 730 2132 tutelis.

230 2182 281 2246 71.
317 2179 355 2246 D.
380 2182 437 2264 26,
463 2183 496 2268 1,
518 2183 552 2265 3,
575 2183 605 2246 4.
658 2180 819 2266 Ulpianus
857 2181 940 2245 libro
976 2180 1146 2264 trigesimo

139 2271 279 2354 septimo
299 2270 339 2334 ad
360 2267 517 2334 Sabinum
536 2268 585 2356 (P.
601 2270 711 2354 2837).
752 2268 802 2354 (si
820 2269 965 2353 pupillus
984 2269 1146 2353 pupillave

104 2414 107 2422 .
140 2381 213 2424 oum
236 2358 322 2424 iusto
345 2363 452 2424 tutore
475 2363 604 2424 tutorve
628 2382 699 2424 oum
724 2381 834 2424 eorum
858 2381 921 2442 quo
944 2358 1036 2422 litem
1054 2357 1146 2442 <lege

141 2453 197 2512 aut
218 2446 365 2531 legitimo
389 2447 528 2530 iudicio>
553 2469 648 2532 agere
671 2447 743 2512 vult
766 2451 799 2510 et
821 2452 911 2512 tutor
933 2447 967 2510 in
989 2468 1060 2510 eam
1079 2467 1147 2510 rem

140 2533 366 2623 petitur...)
418 2537 446 2600 si
481 2537 623 2620 pupillus
659 2539 750 2618 petat
780 2535 880 2600 talem
913 2533 1058 2610 tutorem¹
1089 2556 1148 2598 neo

141 2625 240 2690 addat
263 2625 296 2689 io
321 2646 417 2710 quam
439 2647 519 2709 rem,
542 2647 583 2688 an
605 2625 638 2688 in
663 2645 773 2688 omnes
797 2622 1033 2688 controversias
1052 2622 1148 2686 datus

142 2715 205 2779 sit?
248 2717 281 2779 et
304 2713 350 2778 ait
373 2711 487 2780 Celsus
507 2711 652 2778 Servium
675 2711 882 2777 constituisse
905 2713 939 2776 in
963 2731 1073 2774 omnes
1097 2731 1148 2774 res

141 2803 252 2867 datum
275 2803 385 2868 videri.
578 2817 581 2824 ’
971 2815 973 2819 ’

214 2912 228 2958 1
253 2905 439 2962 Triboaiuoue
456 2907 620 2960 curatorem.

232 3009 275 3070 Of.
305 3009 368 3071 Gai.
392 3011 415 3071 Ι.
436 3013 512 3072 184:
550 3009 629 3070 Olim
660 3029 727 3071 oum
758 3011 834 3089 legis
867 3011 997 3070 artiones
1029 3009 1061 3066 in
1092 3025 1149 3067 usu

143 3102 238 3178 orant,
262 3099 353 3158 etiam
376 3120 412 3159 ex
434 3101 488 3160 illa
510 3119 600 3160 eausa
617 3103 703 3160 tutor
721 3099 858 3178 dabatur,
882 3099 907 3158 si
925 3101 1003 3158 inter
1021 3100 1150 3156 tutorem

143 3193 174 3248 et
204 3189 361 3248 mulierem
392 3189 575 3266 pupillumve
605 3191 670 3268 lege
697 3191 846 3267 agendum
872 3191 949 3264 eret3
980 3206 1050 3246 nam
1078 3185 1150 3260 quia

143 3277 206 3352 ipse
244 3279 329 3337 tutor
364 3278 396 3337 in
429 3297 461 3336 re
493 3297 548 3338 sua
580 3281 685 3339 auctor
716 3297 780 3338 esse
811 3297 871 3337 non
902 3277 1034 3352 poterat,
1071 3271 1150 3330 alius

144 3367 285 3442 dabatur,
313 3385 372 3443 quo
400 3368 520 3426 auotore
548 3368 625 3444 legis
653 3367 730 3426 aetio
757 3365 969 3443 peragebatur,
997 3361 1048 3440 qui
1073 3360 1150 3418 diee-

144 3454 233 3514 batur
261 3456 429 3530 praetorius
456 3459 551 3530 tutor,
580 3456 651 3533 quia
670 3451 693 3514 'a
715 3457 852 3530 praetore
876 3453 989 3512 urbano
1013 3449 1150 3509 dabatur.

145 3541 213 3619 Ulp.
235 3547 285 3620 11,
301 3547 354 3603 24:
384 3545 516 3606 Moribus
543 3547 628 3605 tutor
651 3545 741 3603 datur
763 3542 883 3601 mulieri
904 3541 1072 3618 pupillove‚
1099 3537 1151 3610 qui
