2602 3912
127 947 180 1044 II.
221 945 387 1046 saxu
424 943 657 1044 succum
696 943 843 1042 IURIS
878 943 1176 1044 CONSULTI·

130 1131 152 1179 1.
179 1124 211 1190 Q,
236 1123 341 1177 Fabius
364 1121 466 1177 Pictor.
495 1154 530 1161 —
558 1127 582 1175 2.
606 1121 636 1176 P.
656 1121 780 1174 Licinius
806 1121 928 1177 Crassus,
956 1154 992 1162 —
1020 1128 1043 1177 3.
1068 1123 1142 1180 Sext.

129 1195 229 1250 Aelius
248 1196 353 1249 Paetus
373 1193 465 1248 Catus.
490 1225 525 1232 —
547 1192 764 1319 pblMMPlpppius
784 1192 861 1247 Cato.
883 1226 918 1232 —
942 1199 965 1250 5.
986 1195 1015 1249 L.
1035 1194 1143 1249 Acilius

383 1426 421 1506 l.
460 1430 498 1513 Q.
521 1429 693 1502 FABIUS
722 1429 892 1502 PICTOR

217 1577 308 1632 natus
327 1574 405 1632 circa
421 1569 559 1634 500l254
574 1576 643 1648 post
657 1593 790 1650 pugnam
805 1571 988 1632 Cannensem
1001 1570 1139 1638 538l216

14 1633 19 1709 1
126 1663 262 1738 Delphos
286 1663 324 1720 ad
348 1663 503 1722 oraculum
525 1662 739 1721 consulendum
762 1662 870 1720 missus
893 1665 945 1720 est.

217 1751 343 1810 Praeter
366 1752 488 1810 annales
512 1751 604 1810 etiam
622 1750 697 1808 iuris
715 1750 861 1826 pontificii
880 1750 972 1809 libros
991 1751 1141 1826 scripsisse

125 1840 268 1898 traditur.
314 1839 430 1899 Nonius
459 1860 479 1898 s.
504 1861 530 1899 v.
554 1840 712 1916 picumnus
735 1861 763 1916 p.
784 1841 861 1898 518:
891 1834 1017 1898 ‘Fabius
1040 1839 1142 1899 Pictor

124 1949 229 1987 rerum
252 1931 405 2006 gestarum
428 1928 478 1988 lib.
498 1929 513 1986 I
616 1929 699 1987 Idem
722 1929 795 1987 iuris
813 1927 960 2004 pontificii
978 1928 1055 1988 libro
1074 1925 1140 1988 Ill'.

126 2018 181 2076 alii
213 2018 268 2076 hos
300 2017 392 2077 libros
421 2017 523 2078 Servio
552 2017 644 2076 Fabio
672 2017 786 2077 Pictori
818 2018 983 2076 attribuere
1013 2019 1140 2097 malunt,

126 2125 313 2182 quamquam
341 2107 432 2165 etiam
461 2105 576 2165 Gellius
604 2106 706 2183 I,12‚
729 2110 769 2166 14
800 2106 945 2176 Quintum
974 2108 1140 2186 significare

124 2195 255 2254 videtur.
298 2195 568 2254 Teuffel-Schwabe
593 2193 611 2270 ξ
635 2197 738 2272 117,3
764 2198 794 2254 et
817 2194 925 2271 §133,
941 2198 969 2254 3.
1011 2197 1139 2273 denique

124 2303 234 2342 moneo
259 2303 294 2342 ea
316 2284 408 2344 verba
431 2304 508 2360 quae
531 2283 700 2342 Macrobius
724 2282 757 2352 Q.
776 2284 870 2342 Fabio
893 2285 1022 2344 Maximo
1043 2285 1140 2346 Servi-

7 2385 8 2472 ,
124 2373 208 2431 liano
229 2365 297 2453 (ΙΠ,
313 2365 347 2453 6)
367 2372 517 2449 attribuit,
540 2392 557 2430 a
577 2372 755 2447 quibusdam
773 2373 846 2447 uiris
864 2372 959 2430 doctis
977 2374 1047 2432 huic
1066 2375 1138 2433 dari.

387 2532 483 2590 Iuris
509 2531 699 2608 pontificii
722 2533 884 2594 libri

216 2647 375 2706 Minimum
416 2647 543 2706 sedecim
584 2647 675 2707 libros
716 2647 808 2706 fuisse
847 2651 979 2706 testatur
1014 2649 1138 2710 Nonius.

127 2736 283 2820 complura
301 2737 390 2812 primi
408 2735 478 2794 libri
496 2737 666 2813 fragmenta
685 2739 812 2812 exstant,
834 2736 895 2794 alia
914 2737 976 2796 sine
995 2738 1139 2797 librorum

6 2853 8 2898 g
125 2824 271 2900 numeris,
299 2828 334 2883 ut
359 2845 461 2883 rerum
484 2825 555 2883 ordo
579 2825 718 2901 cognosci
740 2828 878 2900 nequeat.
925 2827 961 2886 01.
984 2827 1021 2886 H.
1040 2827 1137 2905 Peter,

6 2920 10 2964 ι’
125 2913 257 2988 Relliqu.
276 2911 291 2970 I
313 2933 342 2989 p.
363 2915 545 2973 111-113.
577 2911 730 2973 CLXXIX.

562 3073 669 3133 Liber
691 3075 714 3134 Ι.

216 3178 398 3256 Fragmenta
420 3180 466 3238 ita
489 3181 646 3257 collocari,
671 3183 706 3239 ut
729 3181 825 3256 primo
848 3182 913 3242 loco
938 3183 974 3241 de
998 3184 1137 3260 pontifice

124 3267 256 3326 maximo
284 3270 315 3325 et
342 3267 380 3338 de
403 3269 570 3346 virginibus
593 3269 779 3346 Vestalibus
808 3271 935 3330 seeundo
959 3272 995 3330 de
1018 3272 1137 3330 flamine

125 3355 220 3432 Diali,
244 3355 353 3415 ultimo
376 3358 441 3417 loco
465 3358 501 3416 de
525 3357 592 3416 aliis
615 3358 703 3417 rebus
727 3361 843 3436 agatur.

217 3467 244 3530 1.
265 3464 522 3552 Gell1,12‚14.
542 3505 583 3512 —
603 3465 642 3530 In
660 3467 744 3531 libro
762 3469 867 3551 primo
884 3467 976 3530 Fabii
990 3467 1137 3552 Pictoris,

127 3575 208 3637 quae
230 3555 328 3619 verba
350 3557 536 3640 pontificem
559 3557 734 3618 maximum
758 3556 861 3618 dicere
885 3557 1040 3638 oporteat,
1064 3576 1136 3618 cum
