2614 3914
173 175 237 238 372
269 175 343 230 VIII.
358 175 491 232 OCTAVI
506 173 603 230 SAEO.
613 174 709 230 IURIS
725 172 1030 230 censuissemus
1046 173 1182 228 TERTIA

546 352 589 408 Dc
607 353 694 419 (uuo
713 353 807 422 lupata
883 399 889 410 .

171 503 174 508 γ
263 463 293 528 4.
316 461 355 526 D.
370 463 422 548 33,
438 465 466 542 7,
481 465 511 526 4.
547 463 718 526 Iavolenus
741 462 824 526 libro
848 461 986 527 secundo
1010 483 1049 526 ex
1072 465 1183 546 poste-

173 552 313 616 rioribus
337 550 498 616 Labeonis
522 547 571 638 (P.
587 547 674 636 181).
712 549 790 615 Cum
817 551 945 636 quidam
965 551 1046 614 duos
1065 551 1182 615 fundos

175 643 302 706 iunctos
320 641 455 704 haberet
475 643 566 704 etex
585 641 686 704 altero
706 641 813 722 boves,
833 661 903 704 cum
923 661 1003 724 opus
1021 638 1184 722 fecissent,
1287 655 1288 688 ³

173 731 207 794 in
236 731 374 794 alterum
402 733 649 811 reverterentur,
679 731 850 812 utrumque
879 729 1011 792 fundum
1039 749 1114 792 curn
1137 729 1184 792 in·

177 822 357 883 strumento
381 819 557 902 legaverat.
591 816 700 881 Labeo
720 815 890 881 Trebatius
914 818 1013 882 boves
1032 817 1062 880 ei
1081 817 1183 881 fundo
1287 815 1288 832 ³

175 928 321 972 cessuros
349 911 479 990 putant,
506 907 562 970 ubi
591 927 672 990 opus
694 905 859 990 fecissent,
886 927 952 970 non
975 905 1031 968 ubi
1053 927 1184 970 manere
1287 929 1288 932 ¹

175 995 431 1078 consuevissent,
456 994 634 1062 Cascellius
658 998 778 1059 contra.

262 1085 292 1150 5.
316 1083 356 1148 D.
371 1084 427 1166 35,
443 1085 475 1167 1,
489 1085 546 1164 40,
562 1083 590 1148 1.
622 1082 712 1146 Idem
732 1081 930 1168 (Iavolenus)
944 1083 1027 1148 libro
1043 1083 1184 1148 secundo
1287 1097 1288 1100 ’

175 1195 213 1237 ex
235 1172 468 1256 posterioribus
492 1172 651 1236 Labeonis
674 1171 721 1255 (P.
739 1169 825 1258 186).
866 1169 1002 1246 Quidam
1020 1171 1074 1236 Ita
1097 1173 1183 1256 lega-

173 1265 279 1325 verat:
305 1260 345 1326 ‘si
367 1261 498 1325 Publius
522 1259 693 1326 Cornelius
716 1261 909 1345 impensam,
934 1283 1030 1344 quam
1054 1262 1089 1325 in
1112 1261 1185 1324 fun-

175 1350 250 1413 dum
266 1349 417 1414 Seianum
437 1349 508 1432 feci,
524 1349 632 1414 heredi
652 1371 722 1413 meo
743 1349 872 1424 dederit,
892 1354 962 1412 turn
981 1351 1073 1413 heres
1093 1372 1183 1414 meus

174 1437 290 1502 Publio
323 1437 472 1504 Cornelio
506 1438 639 1502 fundum
669 1437 820 1502 Seianum
854 1438 950 1503 dato'.
1007 1435 1184 1502 Cascellius
1287 1519 1288 1522 Ἴ

176 1527 283 1591 aiebat
306 1527 404 1591 etiam
427 1527 566 1611 pretium
590 1527 681 1591 fundi
704 1527 773 1590 dari
796 1525 919 1591 debere.

501 1701 545 1756 De
563 1703 741 1757 iustrumenta
760 1704 855 1772 tapeto.

265 1811 293 1876 6.
322 1810 361 1875 D.
380 1811 431 1896 33,
447 1811 546 1895 7,26,
566 1813 595 1876 1.
631 1810 721 1876 Idem
745 1809 942 1898 (Iavolenus)
966 1811 1051 1876 libro
1072 1811 1186 1896 quinto

177 1921 215 1963 ex
247 1900 482 1982 posterioribus
515 1899 674 1964 Labeonis
708 1898 755 1985 (P.
780 1897 870 1987 215).
919 1899 1023 1965 Molas
1057 1922 1188 1965 manua-

175 1989 241 2052 rias
270 2037 303 2052 ..
334 1988 557 2072 supellectilis,
589 1989 798 2053 iumentarias
832 1993 940 2053 autem
977 1989 1187 2053 instrumenti

177 2098 246 2140 esse
265 2075 379 2140 Ofilius
399 2077 445 2140 ait
543 2075 718 2141 Cascellius
737 2077 907 2142 Trebatius
925 2081 1057 2142 neutras
1078 2078 1184 2161 supel-

176 2165 303 2248 lectilis,
326 2165 381 2229 sed
403 2165 512 2249 potius
536 2165 743 2230 instrumenti
765 2171 882 2250 putant
906 2189 984 2232 esse.

410 2337 454 2392 Dc
471 2339 535 2394 uiuo
554 2340 609 2394 olco
627 2339 764 2406 fiturueato
784 2381 834 2396 ...
854 2341 949 2412 lepato.

268 2448 295 2510 7.
328 2445 367 2514 D.
386 2447 443 2532 33,
467 2448 501 2530 6,
525 2449 606 2533 lpr.
651 2448 821 2514 Iavolenus
854 2450 939 2534 libro
972 2449 1113 2515 seeundo
1147 2471 1186 2514 ex

176 2535 412 2620 posterioribus
449 2535 609 2602 Labeonis
639 2535 689 2626 (P.
715 2535 802 2626 180).
861 2538 998 2614 Quidam
1034 2537 1186 2603 heredem

178 2627 387 2690 damnaverat
411 2626 485 2690 dare
509 2627 601 2692 uxori
625 2649 700 2691 suae
724 2629 833 2692 vinum
857 2627 963 2692 oleum
986 2626 1185 2691 frumentum

179 2720 304 2778 acetum
324 2715 420 2779 mella
440 2715 644 2782 salsamenta.
671 2765 701 2780 ..
725 2715 839 2780 Ofilius
858 2713 1037 2781 Cascellius
1057 2714 1186 2780 Tubero

179 2824 286 2884 omne,
319 2809 475 2886 quantum
507 2809 600 2886 pater
632 2805 772 2869 familias
805 2805 1002 2889 reliquisset,
1041 2805 1187 2890 legatum

177 2894 301 2974 putant.

540 2975 584 3032 Dc
601 2983 713 3049 urpeato
732 2973 827 3050 tapeto.

268 3085 297 3150 8.
325 3083 364 3148 D.
383 3085 434 3167 34,
445 3085 474 3170 2,
494 3085 586 3168 39,1.
617 3085 789 3151 Iavolenus
809 3089 892 3152 libro
912 3088 1051 3153 secundo
1071 3109 1110 3152 ex
1128 3109 1187 3172 po-

180 3173 370 3239 sterioribus
388 3172 550 3239 Labeonis
571 3171 621 3262 (P.
638 3173 725 3262 185).
759 3173 840 3241 Cum
858 3177 905 3240 ita
922 3177 1067 3261 legatum
1086 3185 1187 3242 esset:

179 3262 374 3348 argentum,
402 3263 487 3347 quod
511 3264 605 3329 domo
629 3286 701 3329 mea
725 3267 788 3330 erit
810 3288 883 3331 cum
906 3264 1049 3350 moriar',
1072 3263 1187 3332 Ofilius

179 3373 239 3418 nee
263 3352 347 3436 quod
372 3351 553 3437 depositum
578 3377 595 3418 a
619 3376 652 3418 se
676 3375 733 3419 nec
753 3355 838 3439 quod
858 3354 1094 3420 commodatum
1113 3355 1188 3420 reli-

42 3497 57 3520 μ
181 3441 303 3523 quisset
344 3447 515 3528 argentum
555 3442 696 3527 legatum
736 3443 836 3508 videri
872 3443 1046 3528 respondit.
1101 3443 1188 3507 idem

181 3527 357 3596 Cascellius
377 3531 415 3595 de
438 3531 650 3597 commodato.
