2614 3914
413 221 436 270 5.
462 215 708 273 6666616166
727 216 844 272 TESTA
1068 217 1133 281 389

125 387 207 461 12,4
227 384 260 444 P.
272 375 375 444 1750f
392 378 563 445 ‘Trebatius
582 378 663 466 ait’),
687 387 723 444 de
742 385 839 444 officio
858 385 1026 459 quaestoris
1044 377 1093 464 (D.
1106 388 1134 464 1,

125 475 253 548 13,1,1
280 473 311 532 Ρ.
328 475 413 532 2252
443 467 560 534 ‘Iunius
584 477 615 534 et
637 473 796 533 Trebatius
819 478 849 532 et
871 473 1041 532 Fenestella
1064 473 1134 531 scri·

121 556 244 642 bunt'),
272 561 378 620 Aelius
404 562 573 622 Marcianus
604 563 690 622 tibris
718 562 947 622 Institutionum
972 556 1067 642 (libro
1090 561 1134 620 VI

122 651 158 710 D.
174 652 227 728 34,
243 653 272 728 5,
289 652 329 711 14
353 651 387 711 Ρ.
403 653 465 711 109
494 645 665 711 ‘Trebatius
685 697 691 712 .
708 698 714 711 .
730 697 736 709 .
755 641 872 731 putat')
896 653 927 709 et
948 650 1135 727 Regularum

123 731 216 821 (libro
240 739 284 798 IV
307 739 343 800 D.
360 741 415 816 18,
432 744 464 818 1,
478 742 520 800 45
545 741 577 800 Ρ.
594 743 656 800 262
686 733 802 799 ‘Labeo
830 740 907 799 libro
934 739 1135 816 posteriorum

122 829 227 888 scribit
325 828 466 888 Trebatio
489 821 642 909 placere').

212 917 278 975 Iam
300 917 488 992 iurisperitus
511 920 648 994 reseram,
671 917 724 994 qui
743 916 878 976 Trebatii
902 917 1067 976 sententias
1086 917 1136 976 vel

123 1009 305 1082 acceperunt
331 1006 380 1065 vel
407 1006 581 1068 reiecerunt.
628 1007 758 1082 primum
786 1009 865 1066 certe
893 1007 992 1065 locum
1019 1005 1135 1066 obtinet

123 1095 277 1154 Antistius
309 1094 418 1154 Labeo.
468 1097 542 1155 haec
574 1095 653 1154 enim
684 1095 814 1170 legimus
847 1114 883 1154 ex
913 1095 1008 1154 altera
1035 1097 1134 1169 parte:

124 1179 277 1259 frespondi
301 1227 351 1243 ...
376 1184 454 1260 quod
476 1187 507 1244 et
525 1177 697 1244 Trebatius'
715 1183 752 1242 D.
768 1185 824 1259 33,
835 1186 866 1260 8,
884 1186 939 1260 22,
963 1177 1135 1242 ‘Trebatius

124 1317 155 1332 ..
179 1272 280 1331 Labeo
303 1267 533 1348 responderunt'
557 1273 591 1333 D.
610 1275 776 1350 17,1,12,
803 1266 849 1330 ‘ex
873 1272 996 1332 consilio
1019 1271 1134 1331 Labeo-

124 1362 173 1422 nis
199 1407 227 1420 ..
251 1354 398 1422 Trebatii'
416 1361 453 1420 D.
468 1364 519 1437 28,
535 1365 563 1437 6,
578 1364 619 1422 39
630 1382 687 1438 pr.;
712 1355 885 1420 ‘Trebatius
909 1361 1065 1437 respoudit
1083 1409 1088 1420 .
1105 1405 1135 1419 ..

125 1450 227 1510 Labeo
247 1449 380 1508 Trebatii
400 1451 579 1510 seutentiam
597 1445 717 1527 probat’
736 1449 772 1508 D.
788 1451 839 1523 35,
857 1453 884 1524 1,
904 1452 955 1525 40,
971 1451 1004 1526 5,
1023 1443 1134 1508 ‘Labeo

125 1585 155 1598 ..
180 1538 341 1597 Trebatius
365 1583 393 1598 ..
416 1534 537 1615 putant'
560 1539 596 1599 D.
617 1542 671 1615 33,
692 1541 724 1613 1,
745 1540 858 1616 1766,
883 1540 934 1615 33,
950 1541 1013 1613 7,4
1033 1540 1134 1615 6626,

126 1629 178 1701 33,
196 1629 245 1699 10,
262 1630 316 1702 10,
341 1620 513 1687 ‘Trebatius
532 1671 562 1687 ..
582 1631 612 1688 et
629 1627 731 1687 Labeo
753 1620 873 1705 putaut’
893 1627 929 1686 D.
946 1630 997 1702 10,
1012 1629 1041 1704 3,
1057 1631 1085 1704 6,
1102 1629 1135 1704 6,

125 1719 249 1790 47,10,
271 1718 321 1792 17,
341 1718 374 1792 2,
406 1711 578 1776 ‘Trebatius
606 1721 637 1776 et
664 1717 765 1775 Labeo
792 1710 889 1775 aiunt'
916 1715 952 1774 D.
973 1717 1028 1788 35,
1048 1719 1081 1791 1,
1101 1718 1134 1791 8,

125 1799 250 1882 ‘negant
264 1849 289 1864 ..
303 1804 403 1864 Labeo
423 1800 594 1865 Trebatius'
613 1805 713 1882 1).49,
725 1807 774 1882 15,
786 1807 841 1882 27,
864 1799 991 1880 ‘placuit
1004 1804 1135 1863 Labeoni

125 1887 279 1953 Trebatio'
303 1893 338 1953 D.
355 1895 405 1966 24,
422 1897 450 1966 3,
466 1897 517 1969 66,
535 1899 566 1971 1,
590 1889 706 1954 ‘scribit
729 1937 758 1953 ..
781 1893 883 1952 Labeo
907 1896 939 1953 et
961 1886 1134 1952 Trebatius'

122 1983 161 2042 D.
183 1984 282 2056 19,1,
303 1985 352 2057 13,
372 1984 428 2058 22,
456 1977 628 2043 ‘Trebatius
657 1986 688 2042 et
713 1975 827 2042 Labeo'
854 1982 889 2040 D.
910 1984 961 2059 40,
982 1986 1010 2054 7,
1030 1984 1059 2055 3,
1080 1984 1134 2058 11,

125 2065 238 2131 ‘Labeo
262 2071 307 2130 ait
330 2071 419 2148 idque
438 2072 580 2132 Trebatio
602 2066 764 2150 placuisse'
782 2071 816 2130 D.
831 2073 883 2144 43,
900 2073 950 2144 22,
968 2075 998 2145 1,
1023 2065 1134 2130 ‘Labeo

124 2160 170 2219 ait
189 2206 195 2220 .
211 2206 226 2235 .,
251 2164 281 2218 et
304 2159 349 2219 ita
367 2159 508 2221 Trebatio
531 2156 657 2236 placuit'
680 2161 716 2220 D.
731 2163 783 2236 47,
800 2163 849 2238 10,
866 2163 916 2237 17,
933 2162 960 2235 2,
984 2179 1020 2218 ex
1039 2159 1136 2218 altera

124 2251 212 2325 parte
240 2250 326 2308 haec:
355 2241 495 2308 ‘Blaesus
524 2250 568 2309 ait
591 2250 766 2309 Trebatium
790 2249 979 2324 respondisse
1078 2268 1134 2324 ego

123 2339 182 2397 hoe
209 2338 320 2396 falsum
342 2332 428 2413 puto’
451 2339 487 2395 D.
503 2341 554 2410 33,
570 2341 598 2415 2,
616 2341 671 2411 31,
699 2333 869 2397 ‘Trebatius
893 2338 937 2397 ait
1034 2337 1134 2397 Labeo

123 2421 239 2486 contra'
259 2426 295 2485 D.
312 2429 361 2497 18,
378 2429 405 2499 6,
424 2431 451 2500 l,
468 2429 501 2504 2,
525 2429 577 2503 43,
593 2429 642 2501 24,
659 2429 710 2503 22,
726 2429 759 2502 3,
783 2420 953 2486 ‘Trebatius
972 2431 1064 2504 negat
1083 2473 1089 2484 .
1105 2472 1134 2488 ..

123 2515 226 2576 Labeo
250 2509 366 2574 contra'
389 2516 424 2574 D.
441 2517 491 2590 26,
507 2517 535 2590 2,
556 2518 612 2590 33,
636 2511 808 2574 ‘Trebatius
828 2514 997 2574 ...Labeo
1018 2509 1134 2573 coutra’

33 2635 36 2640 ·
123 2605 161 2664 D.
176 2607 229 2680 41,
245 2608 273 2678 1,
290 2607 344 2678 19,
368 2598 540 2663 ‘Trebatius
559 2603 706 2679 probabat
726 2648 732 2662 .
749 2650 754 2661 .
771 2648 786 2673 .,
808 2622 897 2678 quem
915 2603 1015 2662 Labeo
1034 2622 1135 2678 repre·

122 2687 246 2753 hendit'
273 2692 310 2752 D.
329 2694 381 2768 41,
397 2695 425 2767 2,
447 2694 474 2767 3,
490 2694 523 2768 5,
552 2686 727 2751 ‘Cascellius
756 2691 915 2750 Trebatius
943 2694 1055 2769 negant

123 2783 225 2842 Labeo
253 2781 285 2840 id
311 2800 372 2840 non
398 2775 522 2856 probet'
550 2780 586 2840 D.
606 2783 657 2856 32,
679 2783 717 2840 29
730 2800 787 2857 pr.;
814 2775 874 2839 ‘ait
898 2780 1059 2839 Trebatius

122 2870 225 2931 Labeo
257 2872 360 2929 autem
386 2864 445 2929 ait’
477 2870 513 2928 D.
536 2871 753 2946 16,3,1,41.
799 2870 836 2929 of.
858 2869 894 2927 D.
915 2871 1018 2947 28,5,
1039 2871 1077 2928 21
1090 2889 1134 2944 pr.

123 2964 156 3020 66
180 2961 222 3020 60
231 2978 274 3034 pr.
921 2985 923 2990 ·

212 3047 364 3106 Masurius
379 3046 516 3125 Sabinus,
533 3048 564 3106 in
583 3047 668 3106 cuius
681 3045 860 3126 fragmentis
875 3047 1010 3106 Trebatii
1027 3067 1136 3106 nomen

122 3157 184 3197 nou
206 3135 369 3212 reperitur,
396 3136 490 3195 nihilo
513 3136 611 3196 minus
636 3137 770 3196 Trebatii
793 3136 972 3196 sententiam
994 3137 1135 3211 probasse

124 3225 330 3304 cognoscitur,
351 3243 422 3283 nam
445 3226 525 3300 apud
546 3225 674 3284 Paulum
698 3224 745 3300 (D.
760 3227 812 3300 41,
828 3227 857 3298 2,
873 3229 901 3300 3,
917 3215 952 3306 5)
972 3225 1045 3283 haec
1062 3225 1136 3301 legi-

122 3334 205 3374 mus:
245 3307 389 3372 ‘Sabinus
427 3313 531 3373 scribit
654 3314 734 3374 idem
767 3313 927 3372 Trebatius
962 3307 1134 3388 probabat'.

124 3403 319 3479 Sempronius
342 3402 487 3462 Proculus
515 3402 606 3462 aliam
630 3402 763 3462 Trebatii
791 3402 970 3460 sententiam
995 3401 1136 3476 probavit

123 3484 300 3574 (Iavolenus
319 3490 398 3550 enim
416 3490 453 3550 D.
469 3492 519 3569 35,
537 3496 563 3563 1,
578 3493 621 3551 40
640 3491 696 3551 ait:
720 3485 893 3550 ‘Trebatius
911 3490 1064 3566 respondit
1083 3533 1110 3548 ..
1127 3494 1141 3549 .’

122 3582 226 3641 Labeo
259 3579 392 3638 Trebatii
425 3580 604 3639 sententiam
635 3581 746 3656 probat
768 3623 775 3639 .
795 3625 801 3640 .
822 3625 829 3639 .
852 3579 931 3639 idem
964 3581 994 3639 et
1022 3598 1076 3658 ego
1105 3579 1141 3638 et'
