2598 3910
167 181 299 244 2841
261 181 326 234 VII
301 180 483 236 IIOO'I'AVI
498 179 596 236 SAEO.
605 179 682 234 IUltI
684 181 702 234 S
717 179 889 234 CONSULT.
901 179 1025 234 SERIES
1040 179 1183 234 TERTIA

165 345 302 426 iubere,
320 348 357 408 ut
384 344 563 428 possessori
592 347 721 407 caveret
748 344 808 407 vel
824 343 1010 426 satisdaret,
983 343 1069 408 tsi
1097 343 1143 407 alt
1129 348 1184 406 ter

167 433 301 497 fundum
326 433 487 514 evicisset,
511 453 584 496 eum
607 437 781 515 praestare.

513 616 656 670 Communi
674 615 835 670 diuidundo

254 727 284 790 4.
320 725 359 790 D.
381 725 435 808 10,
455 725 488 804 3,
508 726 559 789 26.
615 723 750 788 Alfenus
782 723 889 788 Varus
922 713 1007 788 libro
1042 725 1185 790 secundo

136 817 138 824 ’
168 813 386 899 Digestorum.
447 811 635 877 Communis
674 835 784 877 servus
817 835 889 877 cum
923 813 1009 896 apud
1043 815 1184 877 alterum

170 907 265 987 esset,
284 925 356 968 crus
375 902 475 986 fregit
495 903 529 965 in
548 923 653 986 opere.
690 901 912 985 quaerebatur,
931 903 1013 966 alter
1033 902 1184 966 dominus
1282 919 1283 926 ¹

169 992 245 1076 quid
275 1014 347 1056 cum
376 1013 428 1068 eo,
456 1013 554 1073 penes
583 1012 676 1074 quem
700 990 831 1067 fuisset,
860 995 981 1074 ageret.
1017 991 1185 1074 respondi,

72 1117 73 1121 =
169 1082 196 1145 si
224 1081 299 1164 quid
329 1080 424 1162 culpa
450 1079 537 1143 illius
567 1080 671 1164 magis
701 1101 798 1162 quam
826 1101 903 1142 casu
926 1101 977 1142 res
1002 1081 1184 1144 communis

170 1169 280 1233 damni
295 1168 441 1251 cepisset,
462 1191 520 1253 per
539 1169 697 1231 arbitrum
717 1167 878 1232 communi
898 1167 1072 1232 dividundo
1089 1190 1185 1252 posse

170 1279 351 1341 reciperen.

521 1360 565 1414 De
583 1361 715 1414 locatione
733 1360 825 1414 cituco.

258 1469 288 1534 5.
311 1469 349 1534 D.
367 1469 417 1550 19,
433 1471 462 1551 2,
477 1470 528 1534 29.
555 1468 692 1533 Alfenus
706 1469 791 1533 libro
807 1469 944 1550 septimo
961 1467 1184 1553 Digestorum.

168 1557 207 1622 In
241 1559 312 1642 lege
345 1560 515 1622 locationis
544 1559 699 1641 scriptum
728 1562 811 1621 erat:
844 1555 1040 1640 ‘redemptor
1069 1558 1186 1623 silvam

168 1669 210 1712 ne
240 1647 364 1712 caedito
392 1669 472 1712 neve
497 1648 618 1732 cingIto
642 1667 723 1711 neve
747 1646 873 1710 deurIto
897 1667 976 1710 neve
1000 1669 1095 1730 quem
1120 1650 1187 1712 oin-

171 1758 246 1821 gere
280 1737 410 1801 caedere
440 1757 531 1799 orere
560 1735 679 1800 sinito'
729 1735 956 1818 quaerebatur,
988 1743 1099 1799 utrum
1137 1759 1187 1800 re-

171 1827 330 1910 demptor,
360 1829 387 1890 si
415 1847 509 1908 quem
539 1825 615 1908 quid
644 1823 754 1888 ea‘rum
778 1845 886 1887 rerum
908 1823 1015 1888 facere
1038 1824 1188 1910 vidisset,

171 1916 342 1998 prohibere
371 1915 501 1978 deberet
529 1935 572 1976 an
601 1915 701 1976 etiam
728 1913 776 1976 ita
799 1912 912 1976 silvam
937 1913 1116 1996 custodire,
1144 1936 1187 1978 ne

172 2005 243 2089 quis
267 2005 298 2066 id
322 2004 428 2067 faeere
452 2002 563 2084 possit.
609 2001 761 2084 respondi
779 2001 913 2064 verbum
933 2001 1038 2065 sinere
1057 2005 1186 2067 utram-

108 2087 109 2092 *
171 2114 232 2175 que
260 2091 379 2154 habere
408 2089 692 2174 significationem,
721 2089 778 2153 sed
806 2090 983 2154 locatorem
1011 2092 1122 2172 potius
1152 2092 1188 2156 id

172 2181 273 2244 videri
291 2178 439 2261 voluisse,
461 2183 498 2242 ut
515 2179 702 2260 redemptor
719 2199 785 2242 non
806 2180 920 2261 solum,
944 2180 971 2241 si
990 2201 1087 2262 quem
1107 2187 1187 2244 casu

171 2268 305 2333 vidisset
331 2268 446 2330 silvam
471 2267 611 2350 caedere,
635 2266 831 2350 prohiberet,
854 2267 909 2330 sed
933 2267 982 2330 uti
1006 2272 1134 2332 curaret
1153 2273 1188 2333 et

173 2357 264 2420 daret
288 2377 434 2439 operam,
457 2378 497 2420 ne
522 2355 593 2440 quis
618 2356 774 2421 caederet.

487 2539 530 2594 Dc
548 2541 648 2594 damno
666 2541 774 2594 latmia
792 2540 864 2594 dato.

261 2651 289 2716 6.
318 2651 356 2714 D.
376 2652 406 2734 9,
424 2651 454 2731 2,
469 2650 521 2734 52,
538 2650 566 2714 1.
600 2648 736 2713 Alfenus
760 2649 844 2712 libro
869 2647 1007 2713 secundo
1031 2647 1186 2734 Digesto-

171 2762 252 2804 rum.
306 2739 523 2803 Tabernarius
555 2739 589 2802 in
624 2737 741 2802 semita
772 2741 871 2801 noctu
908 2759 1006 2820 supra
1042 2740 1185 2822 lapidem

172 2829 335 2890 lucernam
355 2832 515 2910 posuerat.
553 2826 680 2910 quidam
696 2826 892 2908 praeteriens
908 2848 980 2890 eam
995 2829 1184 2893 sustulerat.

172 2917 375 2980 tabernarius
409 2937 481 2978 eum
515 2919 704 2978 consecutus
736 2915 900 2978 lucernam
929 2917 1122 2998 reposcebat
1152 2922 1186 2981 et

171 3003 350 3088 fugientem
374 3002 542 3066 retinebat.
580 3003 635 3066 ille
654 3002 792 3086 fiagello,
812 3003 896 3086 quod
916 3005 947 3066 in
968 3027 1066 3068 manu
1085 3005 1183 3070 habe-

172 3094 238 3174 bat,
266 3094 386 3175 inquo
411 3091 503 3155 dolor
526 3093 645 3172 inerat,
673 3091 843 3155 verberare
866 3091 1088 3157 tabernarium
1113 3117 1183 3159 coe-

172 3186 274 3266 perat,
297 3185 333 3245 ut
357 3202 391 3245 se
415 3180 567 3244 mitteret.
605 3202 643 3244 ex
667 3201 704 3243 eo
729 3179 850 3244 maiore
875 3181 945 3244 rixa
968 3181 1055 3246 facta
1078 3183 1183 3247 taber-

172 3272 283 3335 narius
312 3271 354 3352 ei,
383 3270 438 3354 qui
461 3270 623 3333 lucernam
647 3267 835 3350 sustulerat,
868 3269 997 3333 oculum
1021 3271 1184 3336 effoderat.

174 3359 371 3442 consulebat,
395 3381 471 3422 num
496 3358 647 3420 damnum
671 3357 789 3421 iniuria
812 3379 878 3422 non
902 3358 1030 3422 videtur
1048 3360 1182 3437 dedisse,

174 3450 325 3530 quoniam
348 3448 438 3530 prior
458 3446 590 3531 fiagello
609 3467 780 3528 percussus
800 3450 894 3509 esset.
935 3448 1097 3531 respondi,
1121 3450 1183 3512 nisi

174 3535 249 3598 data
273 3558 371 3618 opera
394 3536 557 3600 effodisset
581 3535 723 3618 oculum,
751 3555 814 3598 non
840 3533 939 3597 videri
964 3535 1118 3601 damnum
1137 3539 1183 3601 in-
