2588 3908
345 212 369 262 8.
396 205 549 261 SERVIUS
571 206 755 263 SULPICIUS
773 208 891 264 RUFUS
1059 211 1125 275 225

100 396 121 437 a
145 375 310 454 gentiliciis
339 375 431 435 sacris
459 375 603 435 liberasse
626 378 729 453 putat;
762 377 864 452 potius
888 378 1119 440 detestationem

99 466 189 525 illam
215 465 371 541 proprium
399 464 556 541 negotium
586 465 679 524 fuisse
714 466 744 524 et
778 465 817 524 ad
843 467 1005 526 familiaria
1033 486 1119 527 sacra

99 554 285 632 pertinuisse
305 554 447 629 explicat:
470 546 524 612 ‘Ue
543 552 658 628 spn‘cht
675 553 774 612 nichts
792 555 935 633 dagegen
957 556 1025 616 dass
1043 559 1121 616 nach

99 643 347 722 gutheissendem
366 643 481 701 Dekret
504 641 556 700 der
576 641 736 702 Pontifices
760 643 813 702 der
835 664 872 703 zu
895 644 1119 722 Adoptierende

98 731 197 791 durch
217 732 274 790 den
289 731 353 790 Akt
371 731 424 790 der
440 731 624 808 Arrogation
643 731 746 807 selbst,
771 733 848 791 ohne
872 733 937 792 eine
957 735 1121 796 besondere

96 821 293 899 Lossagung‚
322 839 376 880 aus
400 820 453 878 der
476 819 647 897 bisherigon
665 839 740 898 gens
765 822 853 880 bezw.
873 822 927 880 der
945 823 1119 884 Teilnahme

97 929 140 968 an
164 911 255 969 deren
280 928 364 970 sacra
387 907 546 968 ausschied
569 908 632 968 und
655 909 687 966 in
711 909 759 968 die
779 929 855 970 neue
875 929 948 989 gens
973 912 1120 972 ubertrat.

98 998 174 1058 Was
199 999 271 1058 aber
295 999 342 1058 die
366 1015 452 1057 sacra
475 997 639 1056 familiaria
662 999 784 1076 angoht,
811 1017 843 1058 so
866 1001 991 1060 klebten
1014 1000 1057 1059 sie
1082 1020 1121 1060 an

97 1087 154 1146 der
182 1088 354 1148 stchlichan
376 1086 505 1160 familia,
538 1086 581 1146 sie
608 1086 709 1146 trason
739 1087 808 1164 don,
842 1089 972 1149 welcher
995 1089 1122 1166 Subject

96 1176 200 1236 dieser
227 1177 343 1236 familia
365 1167 490 1236 wurde'.
537 1219 570 1234 ..
595 1168 718 1235 ‘Diesen
742 1178 975 1237 verschiedenen
1000 1179 1122 1254 Spuren

95 1266 177 1324 nach
200 1285 263 1326 war
286 1267 333 1325 die
362 1283 515 1324 sacrorum
538 1263 700 1324 detestatio
729 1265 778 1324 ein
802 1266 1025 1345 selbsta‘ndiger
1047 1267 1120 1341 Ant,

96 1354 244 1414 woduroh
267 1354 316 1414 ein
337 1353 501 1414 romischer
524 1353 642 1429 Burger
664 1353 743 1430 sich,
771 1353 863 1415 bezw.
887 1356 969 1415 scine
992 1357 1119 1434 familia,

96 1462 159 1503 von
182 1443 240 1502 den
259 1444 368 1502 darauf
384 1442 548 1501 hafteuden
571 1459 657 1501 sacra
676 1442 860 1502 freimachen
884 1445 945 1504 und
964 1445 1119 1504 dieselben

96 1527 297 1611 (vermutlich
315 1533 363 1590 fur
382 1532 448 1590 eine
467 1522 664 1611 Vergtttung)
688 1530 784 1590 durch
808 1531 874 1591 eine
899 1533 1053 1593 feierliche

95 1621 274 1699 Erkldrung
296 1621 353 1681 auf
372 1620 459 1680 einen
482 1620 595 1678 andern
613 1621 796 1697 ebertragen
815 1617 949 1681 konnte'.
988 1623 1027 1681 ad
1048 1641 1120 1682 con-

95 1709 276 1786 firmandam
303 1710 380 1768 hanc
408 1709 589 1768 sententiam
615 1708 765 1783 respicere
794 1708 881 1768 iubet
909 1713 939 1770 et
966 1709 1119 1771 Ciceronis

95 1799 191 1858 verba
214 1791 272 1879 (or.
290 1791 451 1878 42‚144):
476 1791 525 1856 ‘an
549 1797 659 1873 quibus
677 1797 780 1857 verbis
799 1816 954 1857 sacrorum
972 1784 1119 1859 alienatio

95 1887 160 1963 fiat,
179 1888 284 1948 docere
303 1889 464 1947 honestum
482 1888 537 1960 est,
555 1891 591 1946 ut
612 1879 668 1946 est'
684 1890 715 1945 et
730 1887 948 1962 coemptionem
962 1905 1119 1948 sacrorum

95 1977 365 2036 interimendorum
387 1976 486 2054 gratia
510 1976 629 2035 factam.
715 1972 716 1976 ’
986 1965 989 1972 ’

186 2064 250 2124 Alii
277 2065 405 2142 denique
433 2083 587 2124 sacrorum
615 2064 846 2124 detestationem
878 2065 911 2124 in
937 2066 1116 2125 transitione

95 2153 135 2213 ad
158 2154 278 2231 plebem
301 2155 402 2214 locum
424 2153 565 2212 habuisse
588 2156 707 2230 putant,
733 2173 825 2230 quam
849 2154 1023 2230 opinionem
1046 2156 1118 2214 olim

95 2243 192 2302 etiam
214 2243 379 2302 Mommsen
408 2245 528 2300 secutus
557 2246 617 2318 est;
645 2242 733 2301 hodie
759 2244 810 2302 ¹uir
838 2243 1030 2304 doctissimus
1054 2245 1074 2302 l.
1093 2263 1118 2303 o.

95 2332 329 2392 detestationem
352 2351 422 2391 cum
444 2331 475 2390 in
499 2331 678 2390 transitione
697 2334 764 2390 tum
783 2333 922 2408 inprimis
941 2333 974 2391 in
992 2333 1119 2411 adroga-

93 2421 180 2480 tione
203 2421 370 2480 adhibitam
394 2438 458 2480 esse
484 2419 582 2480 docet.

523 2623 632 2682 Liber
654 2623 693 2682 Π.

186 2741 266 2808 Gell.
283 2744 369 2825 7,12
388 2744 408 2822 ξ
425 2744 453 2808 1.
477 2740 607 2806 Servius
627 2739 791 2824 Sulpicius
811 2740 1050 2806 iureconsultus
1067 2790 1116 2806 ...

93 2833 130 2897 in
161 2831 245 2897 libro
278 2832 316 2896 de
347 2832 448 2896 sacris
478 2830 675 2896 detestandis
706 2829 861 2914 secundo,
895 2852 960 2914 qua
987 2831 1118 2896 ratione

92 2921 254 2986 adductus
273 2918 528 2986 ‘testamentum'
553 2920 688 2984 verbum
707 2940 778 2984 osse
799 2918 917 3004 duplex
938 2919 1117 3004 scripserit,

94 3032 162 3074 non
189 3010 324 3094 reperio.
376 3031 451 3073 nam
483 3010 701 3093 compositum
731 3030 801 3074 esse
835 3009 916 3073 dixit
947 3031 966 3073 a
997 3010 1117 3074 mentis

91 3099 345 3164 contestatione.

185 3219 222 3278 cf.
246 3219 314 3295 Ulp.
333 3219 369 3278 fr.
390 3221 483 3294 20‚1
519 3213 754 3278 ‘testamentum
783 3221 830 3279 est
859 3219 969 3278 mentis
996 3223 1117 3278 nostrae

92 3308 176 3368 iusta
199 3308 378 3368 contestatio
402 3303 445 3368 ..⁹
482 3307 583 3368 Labeo
606 3307 643 3366 D.
661 3309 792 3386 28,1,2
819 3301 862 3365 ‘in
887 3327 922 3367 eo
946 3307 997 3384 qui
1020 3310 1116 3366 testa-

92 3400 154 3470 tur,
174 3397 240 3457 eius
258 3398 402 3473 temporis
423 3416 480 3474 quo
495 3399 711 3456 testamentum
725 3397 807 3473 facit,
827 3395 989 3471 integritas
1006 3395 1115 3454 mentis

95 3531 125 3546 ..
149 3487 296 3564 exigenda
322 3479 393 3546 est'.
443 3485 603 3545 Iavolenus
627 3486 663 3545 D.
684 3487 736 3560 35,
761 3488 789 3561 1,
814 3485 866 3560 40,
892 3485 911 3543 3
944 3478 1017 3561 ‘ego
1041 3487 1115 3559 puto

93 3575 261 3634 secundnm
283 3578 415 3634 mentem
439 3575 648 3634 testatoris..
673 3573 868 3649 spectandum
893 3565 980 3631 esse’.

149 3683 245 3734 Iurlspr.
260 3684 378 3725 antehadr.
393 3683 442 3724 rell.
457 3684 492 3724 sd.
506 3684 607 3724 Bremer.
868 3674 902 3724 15
