2614 3914
163 174 231 237 410
260 173 332 228 VIII.
348 170 481 228 OCTAVI
496 170 594 226 SAEC.
605 169 702 225 IURIS
718 169 889 226 CONSULT.
901 168 1026 226 saulus
1041 167 1180 222 TERTIA

164 358 238 401 oum
261 335 378 400 herede
402 335 443 400 ab
468 356 514 419 eo,
537 334 601 418 qui,
624 356 696 403 eum
719 336 826 397 totum
849 339 1020 420 argentum
1039 337 1069 400 ei
1088 337 1179 421 lega-

163 430 235 490 tum
263 428 345 506 erat,
372 445 501 488 mensas
530 423 698 488 dumtaxat
725 422 789 486 sibi
818 423 944 507 legatas
971 430 1103 507 putaret
1127 448 1178 490 ea·
1225 453 1229 458 ·

163 535 299 598 rumque
331 514 498 577 dumtaxat
529 511 789 576 aestimationem
821 512 856 575 in
887 511 1005 578 iudicio
1037 515 1179 600 fecisset,

163 609 278 688 postea
310 602 445 666 eundem
472 601 648 684 petiturum
681 601 719 664 de
747 605 883 684 argento
911 623 1039 686 quoque
1066 604 1178 690 legato

163 692 335 757 Trebatius
368 691 414 755 ait
446 712 505 755 nec
537 691 739 754 obstaturam
768 690 798 753 ei
828 691 1062 775 exceptionem,
1090 694 1178 779 quod

163 803 228 846 non
257 781 300 845 sit
327 780 463 864 petitum
493 779 591 863 [quod
617 799 677 842 nec
700 781 791 843 actor
813 782 923 862 petere
946 784 1095 863 putasset
1117 804 1177 848 nec

162 870 258 934 iudex
280 869 315 933 in
337 868 454 933 iudicio
479 869 658 948 sensisset}

441 1024 485 1079 Dc
502 1025 602 1079 stateris
619 1025 776 1078 marmoreis
791 1025 899 1094 tepetis.

252 1129 303 1193 13.
331 1127 369 1191 D.
389 1127 446 1207 32,
471 1126 547 1210 100,
570 1129 596 1190 1.
643 1124 813 1189 Iavolenus
846 1125 929 1190 libro
963 1127 1104 1194 secundo
1137 1153 1177 1194 ex

162 1216 399 1300 posterioribus
426 1214 588 1279 Labeonis
613 1210 662 1300 (P.
682 1212 771 1299 173).
816 1213 907 1278 Duae
936 1218 1062 1281 statuae
1091 1241 1177 1286 mar·

162 1326 290 1369 moreae
318 1304 446 1369 cuidam
473 1304 679 1380 nominatim,
707 1303 786 1367 item
813 1325 907 1367 omne
935 1326 1077 1370 marmor
1107 1312 1177 1372 erat

162 1394 320 1478 legatum:
356 1393 480 1458 nullam
513 1396 655 1456 statuam
687 1413 902 1456 marmoream
933 1397 1063 1476 praeter
1095 1395 1175 1462 duas

161 1481 338 1548 Cascellius
361 1486 458 1565 putat
481 1481 603 1564 deberi3
627 1481 741 1546 Ofilius
765 1479 938 1545 Trebatius
962 1487 1085 1549 contra.

514 1639 562 1693 Dc
577 1639 698 1708 pecunia
716 1639 812 1707 leputa.

251 1742 302 1806 14.
329 1741 367 1807 D.
388 1743 444 1825 34,
463 1739 498 1823 5,
519 1741 568 1804 14.
606 1738 789 1804 Marcianus
817 1739 902 1804 libro
927 1743 1017 1806 sexto
1041 1742 1176 1808 institu-

159 1831 286 1895 tionum
319 1831 367 1916 (P.
388 1827 475 1915 109).
531 1827 566 1892 Si
599 1829 669 1912 quis
701 1829 748 1892 ita
781 1829 960 1912 scripserit:
991 1828 1083 1914 ‘illis,
1118 1835 1177 1918 qui

158 1923 390 1983 testamentum
423 1941 529 1982 meum
563 1915 778 2002 signaverint,
814 1917 907 1982 heres
940 1939 1030 1983 meus
1063 1920 1176 1986 decem

159 2006 258 2086 dato',
281 2008 453 2073 Trebatius
476 2006 555 2070 utile
578 2007 721 2089 legatum
746 2027 815 2069 esse
839 2009 942 2088 putat.

198 2105 200 2109 ’
250 2097 302 2162 15.
329 2097 367 2162 D.
388 2097 440 2176 30,
459 2095 511 2174 30,
530 2093 560 2158 5.
597 2092 757 2175 Ulpianus
776 2094 860 2159 lihro
879 2117 965 2161 nono
985 2095 1110 2162 decimo
1130 2099 1175 2164 ad

159 2183 315 2249 Sabinum
348 2183 399 2271 (P.
422 2180 535 2270 2597).
582 2229 617 2247 ..
645 2180 815 2246 Trebatius
848 2185 1027 2274 existimat,
1059 2185 1088 2250 si
1121 2190 1175 2252 cui

159 2274 298 2357 legetur,
322 2272 450 2356 quando
475 2293 632 2336 annorum
655 2269 772 2356 viginti
795 2271 870 2356 erit,
894 2273 1062 2358 vulgarem
1085 2275 1173 2342 hanc

158 2362 337 2426 clausulam
362 2357 419 2448 (so.
442 2361 491 2424 de·
506 2382 612 2425 annua
636 2359 702 2446 die)
727 2381 862 2425 cessare.

428 2498 431 2503 ¹
528 2518 572 2573 Dc
590 2533 685 2574 annuo
696 2519 798 2596 'tapeto

249 2619 313 2684 16⁸.
336 2618 376 2683 D.
391 2619 443 2702 32,
457 2619 509 2702 30,
518 2619 547 2684 5.
573 2619 682 2684 Labeo
697 2618 780 2683 libro
796 2617 934 2683 secundo
949 2620 1168 2702 posteriorum

158 2708 348 2773 alavoleno
373 2709 623 2792 epitomatorum
648 2705 697 2794 (P.
713 2705 800 2792 172).
843 2706 956 2773 ‘Uxori
979 2730 1068 2773 meae
1092 2711 1170 2774 dum

158 2820 231 2861 cum
254 2797 321 2861 filio
346 2818 418 2860 meo
438 2794 567 2881 Capuae
592 2797 662 2881 erit,
684 2797 779 2860 heres
803 2795 1170 2864 meusdueena1dat0’.

159 2885 258 2966 [filius
283 2907 302 2947 a
325 2889 427 2948 matre
447 2885 605 2969 migravit.
644 2885 672 2948 si
691 2885 787 2949 ambo
808 2881 937 2968 Capuae
955 2886 1169 2973 habitassent,

157 2975 303 3058 legatum
322 2973 419 3036 matri
439 2973 549 3037 debitu
563 2975 601 3036 iri
616 2973 738 3056 putavi,
759 2975 905 3056 quamvis
920 2995 985 3038 una
999 2997 1066 3038 non
1079 2975 1169 3040 habi-

156 3063 310 3145 tassent3]
340 3062 391 3125 sin
418 3060 553 3145 [autem]
582 3062 617 3125 in
643 3061 730 3126 aliud
753 3063 962 3147 municipium
986 3065 1168 3149 transisset,

156 3152 252 3216 unius
272 3152 347 3214 anni
366 3151 590 3214 tantummodo
610 3151 719 3214 debitu
738 3150 788 3235 iri,
807 3173 870 3235 quo
885 3173 948 3215 una
964 3151 1169 3218 habitassent

158 3240 364 3324 quantolibet
381 3243 535 3322 tempore,
559 3239 730 3304 Trebatius
750 3241 805 3304 ait.
843 3239 1030 3322 [videamus
1054 3263 1096 3306 an
1114 3242 1168 3308 his

156 3330 263 3393 verbis
283 3328 371 3393 ‘dum
391 3350 463 3394 cum
483 3329 550 3393 filia
568 3327 697 3414 Capuae
716 3328 798 3413 erit',
816 3352 881 3394 non
901 3329 1046 3394 condicio
1066 3330 1168 3414 signi-

156 3417 279 3502 ficetur,
303 3418 358 3482 scd
382 3440 419 3482 ea
442 3419 600 3502 scriptura
622 3440 681 3503 pro
706 3439 902 3503 superuacuo
926 3418 1021 3482 debet
1044 3418 1167 3504 haberi,

228 3553 242 3600 1
272 3548 345 3604 Trio.
365 3548 492 3604 ducenta.
