2602 3912
166 149 209 212 22
254 149 302 204 III.
326 147 471 202 SEPTIMI
489 147 587 206 SAEG.
606 147 703 203 IUltIS
723 147 896 204 CONSULT.
916 146 1040 202 snmus
1059 145 1176 202 PRIMA

166 311 260 396 idque
289 313 335 376 ait
362 313 532 396 plerosque
559 311 638 376 iuris
666 311 783 376 veteris
810 313 957 376 auctores
985 331 1081 395 posse
1105 310 1175 374 fieri
1293 327 1295 330 ·

166 423 227 464 9911
253 422 342 466 sisse.

229 423 303 554 pell.
327 488 357 555 J.
374 489 457 574 1,11
478 491 565 570 512.
582 525 620 534 -
638 489 723 572 apud
741 487 898 554 Catonem
917 489 997 553 bene
1016 488 1175 572 seriptum

165 577 265 642 refert
288 579 475 662 antiquitas,
499 579 583 642 servi
608 577 636 641 si
659 599 679 641 a
702 577 832 642 domino
856 577 1003 662 adoptati
1027 582 1112 660 sunt,
1135 598 1176 642 ex

166 666 227 732 1199
249 666 320 748 ipso
344 689 439 752 posse
463 667 603 731 liberari.

255 755 284 819 5.
317 755 598 840 1).21,1,1οἓ
624 756 650 820 1.
701 753 861 837 Ulpianus
888 754 972 819 libro
999 755 1105 837 primo
1135 755 1201 819 ad·

167 842 305 909 edietum
326 845 477 908 aedilium
497 845 654 908 curulium
672 840 722 930 (P.
738 843 903 926 11601-
922 841 1077 908 Catonem
1096 864 1176 926 quo·

167 953 228 1018 que
256 933 394 998 seribere
422 934 509 1018 lego,
537 933 588 997 eui
616 933 736 1016 digitus
764 931 803 995 de
831 953 929 996 manu
953 936 1010 996 aut
1033 930 1071 996 de
1094 933 1177 1016 pede

166 1021 329 1104 praeoisus
353 1023 410 1104 sit,
434 1044 506 1085 eum
530 1021 717 1086 morbosum
741 1042 818 1086 esse.

255 1109 283 1174 6.
307 1113 339 1174 et
364 1111 391 1176 7.
425 1132 453 1175 v.
476 1109 654 1194 Responsa.

589 1315 748 1324 *...-

400 1478 436 1561 2.
474 1485 525 1561 Μ.
552 1484 720 1559 Iunius
747 1484 933 1560 BRUTUS

484 1635 606 1708 praetor
628 1649 706 1690 anno
726 1631 849 1690 incerto.

252 1761 356 1824 Oioero
379 1762 465 1823 Brut.
490 1765 630 1840 34,13Ο
658 1757 771 1823 ‘virum
799 1763 1020 1839 optimum
1043 1765 1074 1822 et
1098 1762 1173 1822 iuris

68 1899 72 1903 .
162 1847 403 1928 peritissimum,
427 1853 571 1926 (199112,
589 1854 630 1910 50
650 1845 735 1910 ‘iuris
754 1851 851 1911 civilis
869 1850 901 1910 in
919 1850 1023 1927 primis
1037 1844 1174 1926 peritus’.

251 1940 434 2018 Pomponius
462 1940 542 2015 §39
573 1935 657 2016 ‘post
684 1941 738 2000 hos
766 1941 889 2000 fuerunt
910 1939 1035 2000 Publius
1058 1939 1174 1999 Munius

162 2032 193 2088 91
220 2028 335 2088 Brutus
367 2033 398 2087 91
424 2028 579 2104 Manilius,
605 2029 657 2104 qui
685 2029 888 2088 fundaverunt
914 2029 961 2088 ius
992 2029 1087 2089 civile.
1138 2048 1174 2088 ex

163 2116 210 2176 his
325 2117 443 2177 libellos
475 2117 598 2194 reliquit
629 2117 742 2177 Brutus
775 2121 902 2195 septem,
938 2117 1079 2176 Manilius
1111 2121 1174 2178 tres

164 2197 305 2282 (fortasse
332 2205 492 2284 legendum
516 2200 672 2266 ‘Manilius
695 2210 822 2282 septem,
849 2206 963 2266 Brutus
985 2198 1085 2287 tres’).
1127 2205 1174 2266 illi

164 2292 224 2353 duo
248 2295 419 2354 consulares
441 2295 577 2369 fuerunt,
601 2295 715 2355 Brutus
738 2288 928 2402 praetorpua'

571 2471 762 2548 Responsa.
836 2529 838 2533 ,

251 2584 310 2646 Cio.
334 2587 370 2647 de
397 2605 438 2648 or.
459 2589 559 2666 2,32,
580 2589 652 2648 142.
676 2632 735 2648 ...
759 2580 858 2648 ‘video
881 2631 916 2647 ..
939 2587 970 2646 in
994 2585 1116 2647 Catonis
1141 2591 1172 2648 91

161 2674 192 2733 in
211 2675 298 2735 Bruti
320 2677 405 2736 libris
428 2677 605 2737 nominatim
628 2677 690 2736 fere
714 2677 828 2751 referri,
851 2677 923 2752 quid
941 2676 1033 2735 aliuui
1051 2677 1087 2735 de
1106 2675 1171 2736 iure

162 2763 225 2823 viro
249 2769 302 2824 aut
324 2765 442 2824 mulieri
466 2758 695 2842 responderint?

251 2851 333 2922 Quae
357 2858 489 2932 exstant,
512 2854 556 2914 ita
578 2854 722 2931 disposui,
744 2857 780 2912 ut
802 2853 898 2930 primo
921 2853 986 2914 loeo
1010 2852 1046 2912 de
1070 2855 1173 2913 fructu

162 2939 273 3018 legato,
297 2942 424 3001 seeundo
448 2943 484 3001 de
508 2943 657 3018 emptione
679 2941 851 3002 venditione
874 2945 906 3001 et
926 2942 962 3000 de
980 2943 1171 3018 usucapione,

161 3029 251 3088 tertio
279 3029 315 3088 de
346 3032 425 3090 furto
454 3035 485 3090 et
512 3030 548 3090 de
576 3031 643 3108 lege
670 3030 806 3108 Aquilia,
835 3031 942 3090 ultimo
971 3031 1007 3090 de
1035 3031 1171 3091 hostibus

161 3116 261 3178 dedito
284 3119 433 3196 legantur.

252 3239 292 3302 1⁸.
320 3235 432 3302 Cicero
456 3238 494 3302 de
518 3237 731 3322 1111.1,4,12.
759 3274 794 3283 -
822 3260 873 3321 an,
896 3241 1008 3321 partus
1032 3239 1171 3302 ancillae

162 3326 247 3390 sitne
279 3326 313 3390 in
345 3326 452 3391 fructu
479 3327 660 3410 habendus,
692 3328 867 3392 disseretur
896 3328 980 3390 inter
1008 3326 1170 3411 principes

162 3413 313 3501 civitatis,
335 3413 370 3480 P.
390 3413 577 3481 Scaevolam
597 3414 817 3501 Manliumque
837 3415 1017 3500 Manilium,
1040 3415 1081 3480 ab
1105 3415 1171 3480 his·

160 3523 222 3586 que
245 3502 289 3570 M.
310 3502 432 3569 Brutus
457 3505 646 3571 dissentiet?
