2598 3910
433 211 455 259 1.
479 206 509 258 e.
524 179 830 258 ALFENUS‘VARUS
1071 202 1136 266 323

6 399 7 404 ¹
127 390 207 452 ram,
231 367 308 452 quid
331 371 417 432 esset
440 368 510 432 ‘suo
533 388 594 430 usu
612 366 746 430 duoere'.
783 365 884 449 igitur
903 365 1013 450 quaeri
1033 367 1135 430 solere

126 461 245 540 utrum,
267 457 324 520 ubi
347 457 482 541 quisque
505 455 668 520 habitaret
691 455 757 518 sive
780 455 815 518 in
832 454 999 537 provincia
1017 453 1083 519 sive
1102 455 1136 519 in

124 544 238 628 Italia,
272 567 310 609 an
345 546 513 609 dumtaxat
543 543 579 608 in
611 566 668 608 sua
695 545 850 627 cuiusque
881 544 989 626 patria
1021 542 1135 607 domus

126 655 197 698 esse
221 639 307 699 reete
331 635 461 699 dicetur.
498 633 554 697 sed
578 631 616 695 de
635 654 674 696 ea
692 653 727 696 re
746 632 957 696 constitutum
975 653 1044 696 esse
1064 653 1135 696 eam

125 723 257 788 domum
275 723 445 807 unicuique
464 726 613 787 nostrum
632 721 746 786 debere
765 721 954 800 existimari,
972 721 1028 785 ubi
1047 721 1134 805 quis-

113 834 187 895 ,que
216 812 306 876 sedes
335 816 367 875 et
393 812 520 876 tabulas
548 810 683 875 haberet
711 831 901 894 suarumque
929 831 1036 874 rerum
1060 831 1135 874 oon·
1214 885 1216 888 ¹

5 981 6 984 Ἴ
124 901 327 966 stitutionem
368 901 507 965 fecisset.
565 899 642 983 quid
679 902 787 962 autem
824 901 909 963 esset
946 897 1019 963 ‘usu
1056 897 1136 980 suo',

124 1010 277 1074 magnam
305 989 457 1053 habuisse
490 987 731 1052 dubitationem.
780 991 813 1052 et
841 985 948 1072 <penu
980 988 1029 1051 sui
1057 1009 1134 1052 usus

124 1100 222 1143 causa
249 1081 385 1161 parata>
413 1077 518 1161 magis
545 1078 685 1162 placere,
714 1075 800 1161 quod
829 1075 932 1140 vietus
960 1077 1010 1140 sui
1038 1097 1135 1141 eausa

5 1169 6 1172 ’
122 1172 273 1250 paratum
307 1171 368 1250 est,
405 1170 532 1230 tantum
569 1167 737 1231 contineri.
789 1165 931 1249 itemque
964 1165 1002 1228 de
1035 1165 1134 1231 servis

123 1256 236 1320 eadem
259 1255 383 1321 ratione
402 1254 523 1340 quaeri,
546 1257 601 1338 qui
619 1276 729 1319 eorum
748 1275 825 1317 usus
845 1254 895 1318 sui
913 1275 1011 1318 eausa
1029 1255 1135 1338 parati

122 1348 245 1427 essent,
267 1349 374 1409 utrum
398 1344 646 1428 dispensatores,
668 1342 824 1424 insularii,
846 1342 945 1424 vilici,
969 1342 1135 1425 atrienses,

125 1437 267 1498 textores
299 1432 461 1516 <tantum‚
495 1433 559 1516 an>
592 1432 729 1514 operarii
762 1452 889 1515 quoque
920 1433 1047 1515 rustici,
1079 1434 1134 1515 qui

126 1542 279 1607 agrorum
316 1522 522 1587 colendorum
561 1541 657 1585 eausa
695 1519 904 1602 haberentur,
941 1542 980 1584 ex
1016 1521 1133 1606 quibus

79 1677 82 1684 ,
125 1612 212 1696 agris
240 1613 334 1694 pater
360 1611 501 1675 familias
529 1609 652 1673 fructus
680 1611 820 1693 caperet,
848 1609 963 1691 quibus
992 1631 1026 1675 se
1051 1611 1133 1675 tole-

124 1704 212 1764 raret
240 1697 288 1786 (se
319 1721 456 1784 suosque
486 1694 639 1782 aleretf),
670 1718 780 1762 omnes
813 1696 951 1781 denique
986 1699 1134 1780 [servos],
1164 1723 1166 1728 ¹

125 1810 207 1872 quos
236 1789 370 1873 quisque
395 1788 538 1871 emisset,
564 1790 602 1851 ut
629 1787 698 1870 ipse
725 1786 861 1850 haberet
889 1789 999 1871 [atque
1024 1787 1069 1854 eis
1092 1788 1133 1851 ad

126 1877 268 1962 aliquam
295 1899 363 1941 rem
390 1877 564 1959 uteretur],
593 1897 697 1959 neque
725 1873 796 1939 ideo
826 1874 970 1958 emisset,
998 1879 1034 1939 ut
1059 1897 1133 1940 ven·

125 1967 222 2031 deret.
281 1969 331 2030 et·
351 1966 413 2030 sibi
449 1966 549 2030 videri
586 1985 640 2029 eos
674 1965 801 2027 demum
833 1985 911 2028 usus
948 1964 999 2028 sui
1036 1986 1133 2029 eausa

123 2060 250 2139 patrem
278 2055 419 2119 familias
447 2054 580 2137 habere,
606 2052 661 2137 qui
683 2053 723 2116 ad
747 2053 815 2117 eius
839 2074 954 2138 eorpus
977 2053 1133 2118 tuendum

125 2151 222 2228 atque
241 2144 343 2228 ipsius
363 2144 486 2208 cultum
504 2142 681 2226 praepositi
699 2141 914 2226 destinatique
934 2145 1132 2225 essentque

124 2233 159 2296 in
182 2252 300 2316 genere
324 2233 529 2316 [i]unotores,
556 2230 757 2313 cubicularii,
785 2230 865 2312 oooi,
894 2230 1131 2296 ministratores

124 2325 222 2405 atque
246 2321 309 2404 alii,
333 2322 387 2405 qui
411 2321 450 2385 ad
474 2319 630 2384 eiusmodi
653 2341 746 2383 usum
771 2319 877 2402 parati
896 2324 1005 2384 essent
1022 2342 1133 2384 nume·

122 2413 280 2474 narentur.

213 2504 250 2562 of.
274 2502 371 2562 Servii
392 2521 535 2579 responsa
560 2495 631 2560 143ss

214 2587 287 2652 101.
314 2586 354 2652 D.
372 2587 427 2668 39,
445 2588 480 2664 4,
502 2585 550 2650 15.
591 2584 728 2648 Alfenus
752 2581 858 2648 Varus
882 2584 966 2648 libro
991 2586 1130 2668 septimo

122 2675 331 2760 Digestorum
355 2674 403 2759 (Ρ.
423 2672 490 2761 28).
541 2671 661 2738 Caesar
689 2694 761 2738 oum
789 2672 914 2736 insulae
942 2671 1055 2737 Cretae
1081 2695 1132 2738 oo·

122 2767 225 2830 torius
258 2765 392 2846 locaret,
424 2765 529 2849 legem
560 2762 608 2826 ita
641 2761 781 2825 dixerat:
817 2759 868 2824 ‘ne
901 2761 972 2844 quis
1004 2766 1132 2845 praeter

121 2854 359 2937 redemptorem
381 2857 456 2938 post
478 2852 549 2916 idus
573 2851 709 2914 Martias
728 2853 832 2914 cotem
850 2871 889 2913 ex
908 2850 1015 2914 insula
1034 2848 1131 2915 Creta

121 2943 224 3008 fodito
258 2963 336 3006 neve
368 2941 499 3006 eximito
530 2961 610 3004 neve
640 2938 790 3004 avehito'.
841 2937 1007 3003 cuiusdam
1038 2941 1130 3004 navis

123 3035 241 3097 onusta
277 3029 402 3095 cotibus
435 3036 508 3094 ante
541 3029 613 3093 idus
644 3027 781 3092 Martias
815 3049 853 3091 ex
885 3032 982 3112 portu
1014 3025 1131 3093 Cretae

121 3121 267 3205 profecta
294 3122 391 3183 vento
418 3119 520 3183 relata
544 3118 580 3181 in
602 3121 732 3202 portum
761 3120 843 3200 erat,
871 3117 984 3181 deinde
1012 3118 1130 3181 iterum

122 3213 198 3294 post
225 3208 296 3272 idus
324 3206 460 3272 Martias
487 3207 634 3292 profeota
662 3210 740 3270 erat.
786 3205 1027 3288 consulebatur,
1053 3225 1130 3268 num

123 3303 237 3364 eontra
260 3298 365 3380 legem
388 3299 463 3379 post
484 3296 556 3361 idus
575 3295 711 3359 Martias
735 3316 774 3358 ex
796 3295 902 3359 insula
920 3293 1017 3360 Creta
1041 3296 1130 3358 cotes

122 3388 225 3453 exisse
253 3385 447 3450 viderentur.
492 3383 672 3468 respondit,
699 3382 830 3448 tametsi
857 3387 970 3467 portus
995 3403 1131 3467 quoque,

123 3477 177 3561 qui
201 3475 327 3540 insulae
345 3477 463 3556 essent,
486 3494 597 3538 omnes
617 3471 686 3536 eius
705 3471 829 3536 insulae
849 3493 918 3536 esse
937 3471 1131 3552 viderentur,

122 3569 234 3630 tamen
257 3585 339 3648 eum,
362 3563 416 3648 qui
441 3566 514 3627 ante
537 3561 608 3625 idus
626 3559 762 3625 Martias
785 3560 947 3645 profectus
971 3581 1016 3648 ex,
1032 3562 1130 3646 portu
1251 3618 1268 3625 -

862 3664 917 3718 21*
