2602 3912
102 105 104 109 ⁷
170 125 215 190 24
257 126 304 182 Ill.
329 125 476 181 SBPTIMI
495 124 594 182 SAEc.
613 124 710 180 IUBIS
728 123 1045 181 0017677176761176
1064 123 1181 178 PRIMA

263 290 290 352 7.
323 286 362 352 D.
380 289 411 372 9,
430 289 460 372 2,
479 289 519 352 27
541 289 583 368 ἐξ
602 289 654 353 22.
675 289 726 352 23.
771 287 931 372 Ulpianus
956 288 1040 352 libro
1064 293 1181 354 octavo

174 377 296 442 decimo
323 378 363 441 ad
388 377 526 442 edictum
551 374 599 464 (P.
619 376 707 462 624).
734 411 772 423 -
798 375 831 440 si
856 377 973 442 mulier
995 397 1105 462 pugno
1129 376 1184 441 vel
1289 397 1290 402 ¹

171 487 255 550 equa
281 465 348 530 iotu
376 489 395 529 a
422 469 454 530 te
482 487 634 550 pereussa
663 467 806 548 eiecerit,
833 464 954 530 Brutus
978 466 1025 530 ait
1050 465 1184 550 Aquilia
1289 493 1290 552 j

171 555 248 639 <76>
266 555 370 618 teneri
390 555 482 639 quasi
501 559 607 638 rupto.
641 557 674 618 et
693 555 720 618 si
739 555 862 618 mulum
882 555 953 638 plus
968 555 1053 618 iusto
1069 576 1183 619 onera·

172 645 257 709 veris
280 647 313 708 67
336 642 459 727 aliquid
483 643 620 707 membri
643 643 776 728 ruperit,
801 642 949 727 Aquiliae
972 643 1079 707 losum
1102 643 1185 708 fore.

261 733 288 797 8.
323 733 361 796 D.
384 732 441 813 49,
463 731 517 817 15,
534 733 565 796 4.
610 731 809 796 Modestinus
836 732 921 798 libro
948 732 1046 797 tertio
1074 729 1184 818 Begu-

171 822 275 888 larum
306 819 354 908 (P.
380 817 470 905 208).
502 857 546 868 -
579 841 634 886 eos
667 821 722 904 qui
755 820 796 884 ab
828 819 977 885 hostibus
1011 820 1185 904 capiuntur

171 911 223 975 vel
252 909 403 974 hostibus
432 908 603 991 deduntur,
629 909 704 973 ⁴iure
731 909 924 992 postliminii
950 907 1070 974 reverti
1098 910 1184 974 auti-

172 999 281 1083 quitus
309 997 439 1082 placuit.
481 1020 523 1062 an
551 1000 607 1081 qui
632 996 779 1062 hostibus
804 997 930 1062 deditus
953 1019 1100 1062 reversus
1123 1019 1185 1063 neo

173 1086 309 1150 anobis
336 1089 483 1170 receptus
507 1087 586 1151 oivis
610 1085 774 1152 Romanus
799 1087 855 1171 sit,
882 1088 967 1151 inter
989 1085 1126 1152 Brutum
1151 1090 1187 1151 et

139 1203 141 1209 ⁴
173 1173 360 1240 Scaevolam
385 1175 472 1238 varie
496 1179 670 1240 tractatum
694 1179 752 1239 est.

428 1393 477 1452 Ds
500 1393 578 1453 iure
601 1393 705 1455 oivili
728 1393 815 1454 libri
839 1397 923 1454 tres.

262 1513 321 1576 Oio.
344 1516 380 1576 de
403 1537 443 1577 or.
465 1521 498 1596 2,
519 1521 581 1580 223
612 1512 689 1580 ‘tros
717 1520 812 1595 patris
835 1518 925 1577 Bruti
952 1517 987 1576 ds
1013 1517 1078 1577 iure
1102 1517 1189 1578 civili

171 1604 264 1666 libros
291 1605 389 1666 tribus
418 1607 560 1684 legendos
590 1602 696 1684 dedit'3
729 1627 773 1682 pr.
798 1606 914 1666 Cluent.
940 1609 1000 1666 141
1032 1599 1106 1666 ‘tres
1135 1627 1186 1666 ex·

172 1694 277 1756 citavit
299 1695 475 1756 recitatores
496 1715 562 1755 oum
582 1697 708 1773 singulis
727 1695 821 1772 libris,
846 1713 920 1773 quos
938 1695 978 1755 M.
997 1696 1111 1756 Brutus
1131 1741 1186 1758 ...

171 1783 207 1843 da
230 1784 295 1843 iura
319 1785 402 1844 oivili
424 1779 572 1861 reliquit'.

261 1871 335 1931 Cum
368 1874 403 1932 ds
437 1893 478 1932 or.
508 1876 542 1950 2,
562 1875 625 1932 224
652 1874 789 1951 legamus
822 1865 874 1933 ‘ex
905 1873 983 1933 libro
1015 1871 1120 1951 tertio,
1153 1875 1186 1933 in

171 1980 230 2038 quo
249 1961 339 2020 finem
358 1961 507 2020 scribendi
526 1963 598 2020 feeit
617 1956 669 2041 (Μ.
687 1957 829 2042 Brutus);
852 1965 899 2022 tot
918 1962 1006 2040 enim,
1028 1965 1062 2022 ut
1081 1962 1186 2023 audivi

172 2049 347 2110 Scaevolam
370 2049 481 2126 disere,
508 2053 579 2108 sunt
604 2051 665 2111 veri
687 2051 777 2110 Bruti
799 2044 890 2130 libri',
913 2051 1089 2112 concludere
1112 2051 1185 2111 lioet

171 2139 288 2216 aliquot
311 2137 403 2197 libros
428 2138 545 2213 spurios
565 2137 698 2199 adiectos
717 2157 792 2200 6666.
833 2140 982 2199 Zimmern
1006 2139 1184 2200 Gesohiohte

170 2226 198 2303 Ι,
224 2229 295 2288 276.
320 2227 356 2286 of.
375 2226 454 2286 infra
475 2231 525 2288 17.

261 2315 391 2375 Brutum
413 2335 558 2392 responsu
581 2334 635 2376 sua
658 2316 689 2374 iu
712 2317 765 2376 hos
789 2317 881 2376 libros
904 2315 1057 2394 retulisse,
1082 2318 1112 2376 67
1135 2335 1184 2377 res
1289 2303 1290 2324 .

171 2404 238 2482 ipsa
265 2403 799 2481 (166676707667671666.2,142
825 2407 1006 2465 auctorest.
1052 2404 1185 2465 Brutum
1289 2415 1290 2418 ’

172 2494 311 2554 similiter
339 2497 429 2572 atque
452 2494 484 2554 P
510 2494 642 2554 Mucium
670 2451 876 2554 aohtrovarsas
904 2511 953 2553 res
982 2493 1079 2554 fusius
1104 2498 1184 2556 trao-

171 2585 252 2643 tasso
275 2583 421 2660 probatur
445 2583 535 2643 otiis
558 2595 635 2660 quaa
659 2584 695 2642 de
718 2583 855 2644 hostibus
880 2583 981 2643 dedito
1000 2583 1057 2642 67
1049 2583 1086 2644 iis
1105 2604 1183 2662 queo
1289 2645 1290 2650 ,

129 2675 131 2679 ’
173 2672 209 2732 716
232 2673 308 2732 furti
331 2673 447 2732 aetione
471 2675 650 2733 referuntur.
691 2691 792 2732 rerum
817 2673 889 2732 ordo
913 2673 1051 2750 cognosci
1069 2674 1184 2750 nequit.

601 2867 710 2926 Liber
732 2867 755 2928 I.

263 2983 388 3051 scie.
408 2987 446 3050 de
466 2989 546 3050 orat.
565 2986 748 3068 2,.224-
777 3009 815 3050 ex
842 2986 926 3052 libro
954 2989 1072 3072 primo:
1103 2987 1183 3069 forle
1288 3019 1290 3078 ς

172 3075 280 3154 7777777,
303 3075 373 3139 777
359 3095 395 3139 777
416 3074 596 3140 Privernati
572 3080 756 3141 7766777776.
1289 3087 1290 3096 ’

466 3269 468 3274 ’
593 3275 703 3336 Liber
725 3275 764 3337 H.

261 3396 291 3461 2.
323 3394 404 3461 Ibid.
433 3431 471 3442 -—
502 3395 615 3460 deinde
644 3418 683 3459 ex
710 3395 794 3460 libro
823 3395 974 3460 secundo:
1002 3397 1036 3460 iu
1059 3397 1182 3461 Albano
1288 3439 1290 3470 2

172 3505 296 3553 77777776
318 3506 369 3569 776
392 3490 420 3550 77
442 3483 572 3551 Marcus
593 3485 687 3566 777776.
