2588 3908
168 213 233 276 240
269 214 316 269 Vl.
341 212 475 269 OCTAVI
495 213 593 268 SAEO.
612 213 709 267 IURIS
729 211 903 269 CONSULT.
919 212 1045 267 sualua
1063 211 1184 266 PRIMA

546 382 593 441 Dc
612 383 800 456 postliminio.

256 493 286 557 2.
311 489 375 558 Cic.
390 493 489 578 top.8
510 493 598 573 §ab
632 491 670 556 ln
693 513 755 576 quo
776 490 834 576 (sc.
853 492 951 557 verbo
970 489 1184 578 postliminii)

168 579 299 646 Servius
327 587 438 647 noster
460 586 497 646 ut
520 582 648 666 opinor,
676 581 760 644 nihil
783 585 878 665 putat
902 603 971 646 esse
994 580 1186 664 notandum,

168 669 231 734 nisi
249 669 357 754 ‘post'‚
377 673 410 736 et
428 669 621 734 ‘liminium'.
653 668 734 734 illud
747 670 991 753 productionem
1007 691 1076 734 esse
1091 669 1186 734 verbi

167 759 251 842 vult,
278 763 315 824 ut
342 760 376 824 in
399 759 551 846 finitimo,
579 758 738 843 legitimo,
767 758 920 824 aeditimo
948 781 1014 823 non
1037 759 1112 844 plus
1136 759 1185 822 in·

168 853 254 912 esset
277 846 426 930 ‘timum'‚
450 870 548 932 quam
571 847 606 910 in
629 847 809 912 meditullio
834 845 996 912 ‘tullium'.

257 937 286 1002 3.
319 935 357 1001 D.
376 938 434 1020 49,
455 936 509 1020 15,
531 937 571 1001 12
587 959 634 1020 pr.
684 936 910 1021 Tryphoninus
944 936 1028 1001 libro
1063 939 1183 1020 quarto

167 1025 433 1110 Disputationum
451 1022 501 1109 (P.
519 1023 585 1111 13).
626 1024 666 1089 In
690 1025 775 1089 bello
799 1025 1036 1108 postliminium
1061 1030 1121 1106 est,
1147 1025 1183 1090 iu

167 1136 246 1197 pace
270 1118 379 1179 autem
402 1114 463 1197 his,
488 1115 543 1198 qui
567 1114 653 1179 bello
672 1113 760 1198 capti
780 1117 881 1196 erant,
904 1114 943 1178 de
962 1115 1080 1198 quibus
1099 1113 1184 1178 nihil

166 1205 202 1266 in
229 1203 332 1286 pactis
365 1207 435 1267 erat
462 1202 739 1288 comprehensum.
795 1203 880 1286 quod
911 1203 984 1267 ideo
1021 1203 1184 1286 placuisse

168 1291 297 1356 Servius
318 1292 440 1377 scribit,
459 1293 535 1376 quia
554 1314 644 1376 spem
663 1291 845 1355 revertendi
865 1292 989 1356 civibus
1008 1291 1043 1355 in
1061 1292 1184 1356 virtute

167 1381 285 1445 bellica
308 1381 413 1465 magis
437 1403 534 1466 quam
557 1381 591 1444 in
614 1401 693 1465 pace
718 1380 855 1445 Romani
879 1402 949 1445 esse
972 1381 1155 1446 voluerunt.

540 1564 587 1622 De
604 1564 806 1638 mancipibus.
921 1569 926 1580 '

255 1674 286 1739 4.
322 1673 408 1738 Fest.
430 1674 461 1739 h.
485 1697 514 1739 v.
550 1710 587 1721 -
622 1672 790 1757 Municeps
824 1676 888 1755 eet,
920 1696 942 1738 u
990 1672 1038 1737 ait
1067 1673 1183 1738 Aelius

81 1783 82 1786 ’
167 1761 291 1843 Gallur,
314 1763 369 1848 qui
392 1763 427 1828 in
451 1761 625 1847 municipio
649 1762 733 1826 liber
756 1765 852 1827 natue
877 1765 935 1846 est,
958 1762 1038 1826 item
1062 1761 1118 1845 qui
1142 1783 1184 1826 ex

166 1853 231 1917 alio
256 1873 373 1938 genere
396 1853 563 1918 hominum
587 1872 703 1914 munus
727 1851 855 1915 functus
880 1854 938 1930 eat,
964 1851 1043 1914 item
1068 1850 1124 1935 qui
1146 1851 1182 1914 in

166 1943 341 2025 municipio
375 1963 413 2005 ex
446 1942 600 2006 servitute
633 1961 667 2003 se
700 1939 851 2004 liberavit
881 1962 901 2004 a
929 1939 1099 2023 municipe.
1145 1945 1182 2004 ct

166 2028 314 2095 Servius¹
338 2030 447 2093 aiebat
474 2028 569 2118 initio
597 2027 711 2110 fuisse,
744 2029 799 2112 qui
822 2050 860 2092 ea
882 2027 1070 2093 condicione
1094 2029 1180 2093 cives

165 2117 305 2182 Romani
322 2117 469 2198 fuissent,
492 2121 529 2182 ut
547 2137 673 2201 semper
691 2137 760 2180 rem
778 2117 942 2200 publicam
961 2118 1140 2200 separatim
1158 2141 1180 2182 a

165 2207 286 2290 populo
297 2206 445 2270 Romano
455 2205 621 2289 haberent,
635 2203 797 2270 Cumanos
809 2206 988 2270 Acerranos
999 2205 1180 2271 Atellanos.

256 2309 293 2369 cf.
317 2308 482 2368 Mommsen
505 2307 695 2368 Staatsrecht
717 2308 765 2367 111
792 2329 821 2385 p.
841 2311 904 2370 235
934 2329 963 2368 n.
985 2312 1012 2370 1.

312 2522 348 2582 X.
376 2522 484 2588 Plane
507 2523 672 2583 incertae
697 2521 793 2582 cedia
816 2523 1030 2600 fragmenta.

251 2649 433 2727 Fragmenta
459 2667 536 2724 quae
564 2667 661 2725 neque
688 2647 838 2724 responsis
866 2665 963 2724 neque
991 2649 1073 2706 certo
1097 2647 1174 2707 libro

163 2737 334 2797 adtribuere
364 2737 448 2814 licet,
481 2737 585 2797 eodem
612 2739 675 2796 fere
703 2737 806 2796 ordine
835 2735 990 2810 collocavi,
1024 2755 1115 2812 quem
1144 2736 1176 2793 in

161 2827 310 2901 responsis
335 2831 455 2886 secutus
480 2844 555 2885 sum.

533 2985 580 3043 De
602 2989 680 3044 statu
703 2986 808 3044 liberis.
1284 3007 1285 3066 p

254 3094 279 3156 1.
304 3093 342 3158 D.
357 3094 410 3175 40,
426 3095 454 3173 7,
469 3095 544 3171 3,2.
582 3093 673 3158 Idem
697 3091 885 3180 (Ulpianus)
909 3093 994 3158 libro
1019 3093 1174 3158 vicesimo
1284 3093 1285 3140 l

162 3181 300 3264 septimo
324 3183 364 3246 ad
389 3181 545 3248 Sabinum
570 3180 618 3268 (P.
638 3182 748 3269 2697).
786 3231 816 3248 ..
840 3183 1017 3267 quaeritur,
1038 3183 1066 3246 ei
1090 3182 1173 3247 forte
1284 3171 1285 3220 1

161 3269 316 3336 debeatur
339 3273 474 3356 pecunia
496 3271 572 3337 huic
595 3293 688 3336 servo
717 3273 768 3336 vel
797 3272 837 3336 ab
862 3272 992 3354 herede,
1025 3271 1113 3356 quod
1139 3272 1175 3334 in
1284 3303 1285 3324 i

162 3359 463 3426 domininationem
482 3361 555 3445 plus
575 3365 773 3445 erogaverat,
796 3361 848 3425 vel
867 3360 908 3424 ab
928 3364 1093 3441 extraneo,
1115 3381 1175 3424 nec

163 3449 241 3513 velit
262 3450 356 3515 heres
380 3451 558 3516 debitorem
577 3450 746 3516 convenire
765 3449 818 3515 vel
837 3449 1030 3513 statulibero
1050 3450 1175 3513 solvere

237 3593 250 3639 1
273 3587 355 3645 Oodd.
376 3587 510 3645 Servilius
529 3589 569 3644 vel
588 3606 639 3644 sor.
659 3587 742 3642 filius.
778 3587 930 3643 abundauit
950 3586 1111 3642 Mommsen.
