2608 3910
422 206 445 254 5.
472 198 722 255 accusamus
741 199 855 254 TESTA
1077 201 1141 264 421

132 387 201 431 non
225 364 323 428 etiam
343 363 381 426 de
399 384 485 427 nova
502 361 649 428 facienda
667 362 729 427 hoc
747 361 917 427 interdicto
937 363 1145 447 comprehen-

130 455 241 536 datur,
268 457 378 516 tamen
406 473 507 536 aeque
535 451 789 516 interdicendum
812 449 920 516 Labeo
949 453 1009 535 ait,
1034 473 1075 516 ne
1099 453 1145 515 f-

130 542 231 608 cienti
254 542 397 606 cloacam
420 541 470 604 vis
492 541 566 621 fiat,
590 540 666 625 quia
688 541 801 605 eadem
823 539 949 604 utilitas
973 540 1030 604 sit:
1053 563 1144 624 prae

21 687 27 694 .
129 636 236 696 torem
264 630 349 694 enim
380 629 426 694 sic
452 628 656 694 interdixisse
684 629 736 693 ‘ne
763 629 812 693 vis
840 629 944 712 fieret,
972 630 1143 714 quominus

130 722 274 786 cloacam
307 719 341 782 in
372 717 502 802 publico
534 717 641 783 facere
677 717 816 796 liceret',
851 717 948 802 idque
981 717 1079 783 Ofilio
1112 723 1145 783 et

129 808 284 874 Trebatio
308 807 478 892 placuisse.
778 813 790 842 ⁸

178 1009 197 1068 d
221 919 323 1030 Cicero
345 937 400 995 pro
425 916 508 978 (laec.
529 920 580 993 26,
600 919 654 978 34:
688 911 824 994 ‘praetor
851 917 887 977 de
915 919 1023 979 cloacis
1046 967 1075 979 ..
1098 919 1143 979 in·

127 1014 177 1069 ter
198 1008 271 1068 icit.

480 1096 527 1156 Dc
548 1098 668 1168 flamine
691 1096 796 1156 Tiberi.

219 1209 249 1273 2.
281 1205 321 1271 D.
340 1207 392 1290 39,
411 1208 441 1289 2,
459 1205 489 1290 9,
511 1206 539 1272 1.
570 1204 732 1289 Ulpianus
750 1207 833 1271 libro
853 1207 1141 1291 quinquagensimo

128 1296 228 1361 tertio
262 1296 302 1360 ad
335 1296 473 1360 edictum
505 1293 553 1377 (P.
574 1292 702 1382 1272b).
750 1293 798 1359 De
830 1295 882 1360 his
915 1345 963 1377 ..,
995 1317 1077 1381 quae
1108 1298 1142 1361 vi

129 1385 272 1450 fluminis
304 1385 481 1468 importata
514 1385 593 1466 sint,
626 1405 668 1447 an
694 1383 904 1448 interdictum
931 1385 1001 1448 dari
1028 1386 1141 1469 possit,

131 1477 306 1559 quaeritur.
356 1473 527 1537 Trebatius
559 1471 660 1537 refert
691 1495 764 1538 curn
791 1472 915 1537 Tiberis
945 1473 1143 1538 abundasset

129 1567 163 1626 et
190 1584 242 1627 res
270 1562 390 1626 multas
413 1563 589 1626 multorum
611 1561 646 1624 in
669 1562 775 1626 aliena
798 1561 943 1627 aedificia
966 1563 1143 1648 detulisset,

129 1651 336 1716 interdictum
365 1673 384 1716 a
410 1655 558 1734 praetore
585 1650 711 1734 datum,
738 1672 778 1714 ne
806 1649 855 1714 vis
881 1651 972 1715 fieret
995 1651 1142 1734 dominis,

130 1741 303 1825 quominus
333 1761 391 1804 sua
413 1741 566 1804 tollerent
589 1738 765 1822 auferrent,
792 1739 820 1803 si
844 1739 938 1804 modo
962 1740 1072 1804 damni
1094 1741 1141 1804 in-

129 1829 208 1894 fecti
230 1829 502 1914 repromitterent.

219 1940 334 2000 Tiberis
356 1940 522 2014 inundatio,
545 1941 669 2016 propter
691 1958 782 2015 quam
804 1943 926 2016 praetor
948 1941 1142 2001 interdictum

130 2028 231 2104 dabat,
253 2048 279 2090 a.
300 2023 428 2108 700l54
450 2028 570 2090 videtur
593 2029 695 2102 fuisse,
718 2029 754 2087 de
778 2048 838 2106 qua
860 2029 917 2089 Dio
942 2031 992 2108 39,
1010 2033 1061 2090 61.
1104 2030 1140 2090 cf.

129 2117 359 2178 inundationum
387 2118 522 2177 tabulam
550 2117 587 2178 ab
610 2117 647 2178 H.
666 2117 794 2185 Nisseno
820 2111 898 2198 (ital.
921 2117 1140 2179 Landoslrunde

128 2205 152 2278 I,
167 2197 247 2287 324)
265 2207 459 2283 propositam.

451 2359 498 2417 De
520 2358 564 2417 Iris
587 2360 637 2432 qai
659 2360 817 2418 deiecerant.

218 2465 247 2530 3.
275 2467 314 2531 D.
328 2468 359 2551 9,
373 2467 403 2552 3,
417 2467 448 2534 5.
485 2465 647 2549 Ulpianus
670 2468 755 2532 libro
778 2467 955 2533 vicensimo
978 2470 1075 2534 tertio
1100 2471 1141 2534 ad

130 2554 269 2620 edietum
294 2554 342 2641 (P.
357 2553 460 2642 688⁶).
507 2554 542 2621 Si
566 2556 637 2642 quis
661 2557 821 2641 gratuitas
844 2557 1063 2622 habitationes
1087 2558 1140 2621 de-

24 2653 27 2660 '
129 2644 212 2708 derit
239 2645 365 2709 libertis
393 2649 427 2710 et
450 2645 621 2710 clientibus
645 2646 695 2708 vel
719 2645 785 2708 suis
809 2645 858 2708 vel
881 2646 1004 2728 uxoris,
1032 2646 1140 2730 ipsum

129 2754 238 2798 eorum
261 2733 391 2799 nomine
413 2734 518 2798 teneri
541 2733 712 2798 Trebatius
737 2734 791 2798 ait.

479 2917 526 2976 Dc
549 2919 655 2977 domuc
677 2918 790 2990 infecto.

215 3025 246 3088 4.
274 3023 313 3089 D.
332 3025 389 3109 39,
407 3026 443 3109 2,
461 3026 514 3110 24,
535 3027 585 3092 12.
620 3023 710 3090 Idem
734 3023 922 3114 (Ulpianus)
945 3027 1028 3092 libro
1053 3031 1139 3093 octo·

128 3113 275 3198 gensimo
302 3115 408 3198 primo
436 3115 476 3178 ad
504 3115 643 3179 edictum
671 3111 720 3201 (P.
741 3113 852 3203 1754).
901 3165 936 3181 ..
963 3116 1140 3199 rideamus,

128 3201 256 3288 quando
290 3201 443 3267 damnum
477 3202 547 3268 dari
574 3203 734 3268 videatur:
767 3205 936 3288 stipulatio
965 3205 1049 3268 enim
1077 3205 1139 3270 hoc

127 3291 284 3372 continet,
311 3291 397 3374 quod
424 3291 503 3356 vitio
532 3292 657 3356 aedium
685 3292 750 3356 loci
777 3293 884 3377 operis
911 3293 1064 3356 damnum
1093 3294 1138 3358 fit.

128 3383 257 3462 utputa
276 3381 309 3444 in
329 3379 424 3444 domo
442 3401 515 3444 mea
533 3385 667 3465 puteum
687 3380 806 3464 aperio,
824 3402 887 3465 quo
908 3385 1018 3465 aperto
1038 3403 1139 3446 venae

127 3467 216 3551 putei
239 3469 331 3553 <tui>
352 3469 517 3552 praecisae
542 3474 631 3534 sunt:
655 3491 698 3534 an
721 3470 854 3534 tenear?
897 3471 944 3534 ait
967 3469 1137 3534 Trebatius

127 3578 194 3621 non
221 3560 323 3622 teneri
351 3579 402 3622 me
430 3557 540 3622 damni
566 3557 691 3623 infecti:
719 3579 822 3643 neque
851 3559 937 3624 enim
961 3559 1139 3624 existimari
