2602 3912
182 186 227 260 ’68
265 195 311 250 IV.
334 195 480 250 SEPTIMI
495 193 592 248 SAEO.
607 192 704 248 IURIS
719 191 893 248 CONSULT.
908 190 1033 248 SMRIES
1048 191 1194 246 ALTERA

272 364 396 423 Pernice
418 363 518 422 Labeo
537 362 552 420 I
575 382 602 438 p.
618 363 681 422 462
706 379 773 420 cum
797 360 865 420 aliis
887 359 961 420 viris
985 359 1078 420 doctis
1101 359 1195 420 Mucii

184 471 361 530 responsum
383 471 471 530 aegre
495 451 656 523 desiderat,
681 449 733 509 sed
756 449 846 508 Mucii
869 467 1043 524 responsum
1067 467 1099 507 re
1124 467 1194 508 vera

183 543 314 602 relatum
337 559 402 600 esse
425 559 483 600 vox
507 534 614 598 ‘eius’
638 532 826 620 (Merebatur
847 557 884 596 ne
908 539 964 597 hae
987 538 1109 598 arbores
1130 537 1194 598 'cius

183 651 243 691 non
265 631 440 690 viderentur
462 619 586 711 faotae')
609 632 786 702 argumento
806 628 860 686 cst.
901 646 962 686 non
980 626 1059 686 enim
1078 629 1196 703 emptor

184 720 236 798 qui
264 719 296 790 Q.
320 719 453 777 Mucium
480 717 667 792 consulebat,
698 716 750 775 sed
777 715 894 775 Mucius
923 715 986 791 ipse
1014 709 1196 792 ‘verebatuu

183 828 221 868 ne
254 809 309 866 hae
343 808 464 868 arbores
496 805 639 882 emptoris
671 823 730 864 non
758 805 932 864 viderentur
962 799 1081 883 factae',
1114 805 1196 882 quod

183 915 361 974 responsum
383 895 565 970 Pomponius
588 894 790 970 praeceptoris
813 912 894 953 more
918 893 1063 969 exposuit.
1108 893 1195 954 Pom·

184 986 306 1064 ponium
335 986 380 1043 ite
407 985 469 1043 fere
497 984 652 1059 scripsisse
680 987 818 1059 apparet:
848 975 1010 1041 ‘Dominus
1035 982 1121 1041 fundi

184 1075 315 1134 nolebat.
362 1074 478 1148 emptor
507 1073 672 1149 quaerebat
699 1071 773 1148 quid
800 1089 830 1130 se
858 1071 957 1130 facere
985 1073 1137 1146 oporteret
1165 1075 1196 1132 et

184 1164 347 1224 verebatur
366 1161 490 1236 Quintae
508 1163 636 1238 Mucius,
659 1179 696 1219 ne
719 1161 776 1219 hae
799 1158 920 1218 arbores
945 1160 1009 1219 eius
1032 1179 1092 1219 non
1115 1151 1203 1220 ride-¹

186 1255 293 1311 rentur
320 1252 425 1310 factae.
472 1251 610 1309 arborum
641 1251 730 1326 caim,
759 1267 835 1325 quae
863 1249 895 1306 iu
923 1249 1016 1308 firndo
1044 1249 1196 1308 continen-

186 1333 249 1400 tur'
277 1343 309 1399 et
331 1359 357 1416 q.
383 1359 406 1398 s.
451 1338 666 1414 Tribonianus,
695 1338 747 1414 qui
770 1336 916 1406 Quintum
938 1337 1073 1398 Mucium
1098 1339 1198 1414 ipsum

186 1431 360 1506 loquentem
377 1427 567 1486 introducere
586 1427 643 1486 sibi
659 1429 864 1502 proposuerat,
884 1429 998 1502 etpost
1013 1421 1196 1487 ‘verebatur'

186 1517 291 1588 Quinti
317 1516 410 1576 Mucii
440 1535 549 1576 nomen
581 1515 693 1577 delerit
720 1518 751 1575 et
777 1518 846 1592 post
875 1509 1061 1575 ‘viderentur
1087 1511 1198 1574 lactae'

186 1607 343 1683 Pomponii
370 1624 478 1664 nomen
502 1605 642 1677 inseruit,
670 1604 837 1663 orationem
859 1605 1010 1680 corrumpi
1033 1605 1198 1683 negligens.

235 1682 237 1690 ’
276 1695 417 1772 Vestigia
443 1697 570 1753 terrent:
599 1711 675 1770 quae
704 1691 903 1752 Tribonianus
929 1693 1060 1752 Mucium
1090 1694 1199 1754 dixisse

122 1859 123 1862 Ἴ
187 1785 307 1862 asserit,
343 1784 407 1860 ipse
442 1783 554 1860 partim
591 1801 627 1840 ex
658 1781 814 1857 Pomponii
847 1781 1045 1841 relationibus
1077 1783 1197 1842 incaute

187 1873 370 1950 composuit,
397 1871 508 1948 partim
531 1871 674 1930 audacter
696 1869 789 1928 finxit.
836 1871 917 1946 quod
939 1870 1033 1930 Lenel
1057 1870 1197 1931 Sabinus·

188 1965 302 2039 system
319 1981 348 2038 p.
365 1963 405 2020 13
425 1954 485 2018 ‘ein
504 1957 715 2036 Originalcitat
733 1977 787 2017 aus
802 1957 835 2029 Q.
849 1953 977 2018 Mucius'
994 1959 1074 2035 dicit,
1094 1979 1199 2020 vereor

187 2055 224 2110 ut
245 2051 344 2109 ullum
368 2047 486 2108 omuino
509 2048 670 2106 Iustiniani
693 2047 819 2124 Digesta
841 2047 1022 2107 contineant.

276 2139 383 2214 Itaque
406 2135 497 2194 Mucii
523 2137 614 2196 verba
636 2136 755 2213 integra
777 2137 809 2194 in
832 2135 965 2214 Digestis
988 2155 1054 2196 raro
1078 2140 1200 2197 tantum

189 2231 309 2286 servata
332 2227 415 2284 sunt:
443 2224 475 2282 iu
498 2225 534 2282 iis
558 2244 635 2302 quae
659 2224 715 2283 sub
737 2224 829 2282 Mucii
851 2225 971 2285 nomine
993 2226 1201 2305 proferuntur,

189 2315 363 2374 Triboniani
374 2331 481 2372 manus
490 2333 702 2390 nonnunquam
714 2317 794 2373 certo
805 2315 985 2391 agnoscitur.
1010 2315 1201 2375 luculentum

188 2403 358 2480 exemplum
379 2403 503 2479 praebet
526 2403 560 2460 D.
581 2405 711 2481 33,1,7
735 2401 917 2478 Pomponius
937 2403 1014 2462 libro
1034 2408 1140 2464 octavo
1160 2405 1199 2464 ad

188 2492 223 2562 Q.
241 2492 382 2552 Mucium.
420 2485 559 2561 ‘Quintus
579 2492 696 2551 Mucius
716 2491 772 2550 ait:
797 2491 907 2568 siquis
990 2493 1015 2550 si
1033 2496 1151 2552 tutores
1172 2539 1197 2554 ..

188 2591 225 2642 ex
247 2583 427 2641 testamento
450 2599 539 2659 agere
563 2580 671 2657 possit:
699 2598 777 2639 nam
806 2599 845 2638 ea
872 2598 928 2639 res
957 2599 996 2640 eo
1022 2582 1201 2661 pertinet,

189 2671 245 2730 uti
272 2673 414 2730 tutores
442 2669 559 2729 sciant
586 2689 676 2746 qnae
701 2670 871 2730 voluntas
895 2671 1203 2748 testatorisfuit,

189 2760 245 2818 uti
281 2759 424 2835 possint
459 2777 533 2817 eam
569 2759 756 2834 pecuniam
794 2759 870 2817 sine
906 2758 1071 2834 periculo
1104 2759 1200 2822 dare.

189 2848 384 2924 Pomponius:
404 2847 436 2906 in
454 2849 641 2906 testamentis
660 2847 807 2924 quaedam
827 2846 998 2906 scribuntur
1017 2839 1076 2907 ..·.'
1107 2846 1201 2908 verba

189 2936 285 2996 literis
305 2935 434 2995 diductis
453 2936 599 3010 impressa
617 2955 676 2995 nou
694 2936 788 3010 ipsius
804 2935 895 2994 Mucii
914 2936 966 2995 sed
985 2955 1003 2994 a
1018 2936 1200 2998 Triboniano

190 3025 261 3083 licta
292 3043 356 3084 esse
388 3024 581 3082 manifestum
613 3028 666 3084 est.
722 3025 758 3083 cf.
786 3023 908 3083 Pernice
937 3023 1037 3084 Labeo
1065 3025 1125 3102 III,
1150 3029 1203 3086 39.

190 3111 520 3172 Miihlenbruoh·Gllick
539 3112 650 3186 XLHI,
670 3113 748 3187 432,
769 3115 819 3171 21.

280 3291 312 3360 Q.
331 3290 448 3349 Mucius
471 3290 546 3348 iuris
569 3290 664 3350 civilis
687 3290 773 3348 libris
796 3309 856 3349 non
879 3291 977 3350 solum
999 3310 1108 3351 novem
1126 3292 1201 3352 iuris

192 3380 380 3456 disciplinam
413 3378 562 3453 fundavit,
595 3378 646 3438 sed
679 3379 770 3439 etiam
799 3379 910 3438 civium
938 3379 1036 3439 officia
1063 3380 1094 3439 in
1121 3381 1202 3440 ritae

192 3470 334 3529 societate
358 3468 473 3528 maiora
496 3469 612 3543 statuit,
637 3487 729 3546 quam
752 3467 849 3528 adhue
873 3468 904 3526 in
927 3487 986 3528 usu
1009 3473 1103 3528 erant.
1129 3469 1203 3552 ¹qui

192 3559 342 3636 monebat,
365 3557 467 3636 magni
489 3557 596 3618 iudicis
618 3576 691 3636 esse,
714 3558 745 3617 in
764 3557 878 3631 tutelis,
902 3557 1105 3632 societatibus
1127 3557 1203 3617 fidu·
