2598 3910
186 203 252 267 320
279 155 352 258 VIII.¹
368 200 503 256 OCTAVI
517 201 615 256 SAEG.
625 201 722 257 IURIS
737 195 1045 256 conscensurum
1060 183 1195 272 Tenum

185 365 290 450 possit
312 365 415 430 invito
440 386 487 447 ec,
509 363 598 428 euius
621 367 692 428 tum
715 364 743 428 is
766 385 878 430 servus
901 365 1025 441 fuisset,
1049 363 1079 427 ei
1102 363 1196 431 solvi.

187 454 244 520 sed
272 459 304 518 et
328 454 356 518 si
379 454 451 538 quis
474 453 669 518 dominicam
692 455 861 536 pecuniam
886 455 926 519 ab
950 475 988 518 eo
1011 451 1196 518 faeneratus

1282 89 1284 188 i

186 546 281 630 esset,
304 544 330 608 's'i
353 542 513 628 permissu
537 541 659 607 domini
682 562 793 606 servus
812 545 980 628 negotium
999 540 1196 608 dominicum
1284 597 1285 624 ,

187 635 356 718 gessisset,
383 632 468 696 idem
496 631 575 694 iuris
599 633 661 696 est:
690 630 816 696 videtur
838 632 926 696 enim
949 632 1118 697 voluntate
1142 631 1198 696 do·
1284 681 1285 700 .

186 722 268 789 mini
294 721 368 805 [qui
396 743 468 786 cum
492 740 582 784 servo
605 719 773 804 negotium
796 720 1014 802 contraheret]
1039 723 1071 783 et
1094 721 1134 784 ab
1160 741 1198 784 ec

135 837 138 843 ·
188 810 332 893 accipere
356 813 389 873 et
411 809 440 873 ei
464 809 597 873 solvere.

1283 705 1285 778 i

276 917 328 981 93.
357 915 395 980 D.
416 914 466 998 15,
485 915 514 996 3,
535 914 585 979 16.
623 913 758 978 Alfenus
782 915 867 980 libro
886 915 1026 980 secundo
1046 913 1199 1000 Digesto·
1284 889 1285 892 Ἴ

186 1028 257 1070 rum
289 1001 339 1092 (P.
361 1000 426 1091 11).
476 1001 615 1078 Quidam
646 1001 782 1067 fundum
813 1004 982 1069 colendum
1015 1026 1108 1070 servo
1140 1025 1199 1069 suo

186 1093 307 1159 locavit
329 1097 362 1157 et
383 1093 483 1157 boves
508 1091 537 1155 ei
560 1091 700 1155 dederat.
741 1113 812 1157 cum
832 1093 866 1156 hi
885 1093 984 1158 boves
1004 1114 1070 1158 non
1088 1097 1199 1157 essent

187 1183 308 1264 idonei,
330 1182 469 1246 iusserat
493 1202 547 1245 eos
569 1181 680 1245 venire
703 1185 736 1245 et
758 1180 810 1245 his
832 1181 975 1245 nummis
998 1181 1054 1266 qui
1076 1181 1200 1266 recepti
1284 1177 1286 1224 i

188 1275 296 1336 essent
322 1271 402 1335 alios
429 1270 581 1354 reparari.
629 1291 739 1334 servus
763 1270 862 1335 boves
885 1270 1086 1352 vendiderat,
1115 1269 1199 1335 alios

187 1359 377 1442 redemerat,
410 1380 559 1423 nummos
597 1358 756 1422 venditori
792 1380 857 1424 non
894 1359 1048 1444 solverat,
1083 1365 1201 1443 postea

188 1449 445 1514 conturbaverat.
477 1445 532 1531 qui
550 1447 649 1512 boves
664 1446 852 1512 vendiderat
865 1468 1015 1512 nummos
1030 1469 1050 1512 a
1066 1447 1200 1514 domino

1284 1399 1287 1552 i

188 1536 320 1622 petebat
347 1536 472 1602 actione
500 1536 538 1600 de
565 1536 691 1620 peculio
720 1540 777 1600 aut
805 1536 950 1620 quod‘in
978 1557 1046 1601 rem
1076 1535 1202 1602 domini
1286 1559 1287 1570 ¹

79 1666 82 1672 ·
187 1647 315 1690 versum
339 1628 433 1710 esset,
456 1646 530 1693 curn
548 1625 648 1690 boves
667 1646 725 1708 pro
745 1624 862 1708 quibus
880 1625 1016 1708 pecunia
1033 1629 1202 1708 peteretur

187 1736 287 1800 penes
316 1715 481 1779 dominum
509 1718 625 1779 essent.
673 1713 840 1797 respondit
866 1735 932 1778 non
954 1713 1056 1778 videri
1079 1715 1202 1798 peculii
1286 1723 1287 1734 ¹

190 1805 361 1889 quicquam
389 1800 474 1889 esse,
500 1802 614 1866 nisisi
638 1801 715 1886 qnid
738 1801 873 1866 deducto
897 1823 949 1885 eo,
977 1802 1064 1886 quod
1088 1824 1200 1867 servus
1285 1871 1287 1884 ⁴

189 1893 319 1959 domino
353 1892 529 1976 debuisset,
562 1890 721 1974 reliquum
749 1890 849 1955 fieret.
899 1890 979 1956 illud
1008 1890 1072 1956 sibi
1100 1892 1204 1956 videri
1286 1937 1288 1974 ¹.

190 1984 288 2047 boves
312 1981 440 2066 quidem
463 1981 587 2052 inrem
612 1979 734 2043 domini
758 2000 869 2044 versos
894 2001 976 2062 esse,
1000 1979 1055 2044 sed
1078 2003 1138 2064 pro
1163 2003 1202 2045 ea
1287 2031 1288 2034 η

141 2141 145 2150 ,
188 2092 223 2134 re
246 2071 379 2136 solvisse
402 2071 539 2150 tantum,
562 2069 674 2152 quanti
697 2068 823 2150 priores
846 2070 945 2134 boves
969 2068 1149 2153 venissent,
1173 2069 1201 2134 si

190 2180 253 2242 quo
278 2157 443 2242 amplioris
467 2158 622 2240 pecuniae
646 2155 843 2240 posteriores
866 2158 966 2222 boves
986 2160 1105 2241 essent,
1130 2158 1199 2224 eius

190 2251 338 2331 oportere
362 2245 527 2309 dominum
551 2243 768 2310 condemnari.

546 2463 592 2522 De
615 2465 844 2523 condictionibus.

279 2583 331 2649 94.
354 2581 393 2648 D.
410 2583 460 2667 12,
475 2583 505 2666 6,
519 2583 570 2648 36.
609 2581 730 2648 Paulus
748 2581 832 2646 libro
853 2583 965 2666 quinto
985 2583 1203 2668 epitomarum

192 2673 301 2738 Alfeni
324 2672 534 2758 Digestorum
553 2669 601 2757 (P.
617 2670 684 2757 69).
721 2669 839 2736 Servus
851 2670 1023 2736 cuiusdam
1042 2671 1202 2738 insciente

190 2763 321 2826 domino
348 2760 512 2847 magidem
539 2760 770 2844 commodavit3
803 2761 832 2824 is
860 2761 912 2824 cui
941 2761 1202 2826 commodaverat

190 2849 321 2932 pignori
344 2871 415 2912 eam
438 2849 547 2931 posuit
570 2853 602 2913 et
625 2849 723 2933 fugit3
748 2849 803 2933 qui
824 2849 949 2932 accepit
966 2871 1032 2914 non
1051 2849 1149 2914 aliter
1167 2871 1202 2915 se

190 2937 391 3001 redditurum
419 2937 541 3020 aiebat,
569 2958 665 3020 quam
693 2938 720 3000 si
743 2938 913 3020 pecuniam
937 2937 1126 3022 accepisset,
1150 2960 1201 3003 ac·

191 3025 278 3110 oepit
305 3047 325 3088 a
353 3025 479 3090 servulo
502 3030 535 3089 et
557 3025 696 3089 reddidit
718 3024 889 3109 magidem.
935 3025 1118 3112 quaesitum
1143 3031 1202 3110 cst,

191 3136 233 3180 an
255 3113 391 3200 pecunia
419 3113 460 3178 ab
488 3133 526 3179 eo
549 3113 652 3198 repeti
674 3114 787 3197 possit.
832 3114 1012 3199 respondit,
1041 3115 1070 3180 si
1092 3116 1121 3180 is
1146 3116 1202 3200 qui

190 3204 321 3288 pignori
344 3201 521 3286 accepisset
543 3201 703 3286 magidem
727 3202 866 3268 alienam
886 3204 1043 3287 sci<sse>t
1062 3204 1148 3289 apud
1168 3225 1201 3269 se

191 3293 319 3377 pignori
350 3291 481 3376 deponi,
513 3291 593 3356 furti
626 3313 698 3356 eum
730 3313 764 3357 se
796 3291 959 3377 obligasse
991 3293 1143 3377 ideoque,
1175 3294 1202 3358 si

191 3383 363 3464 pecuniam
392 3403 411 3444 a
438 3381 567 3446 servulo
596 3380 772 3464 accepisset
793 3381 970 3445 redimendi
993 3380 1073 3445 furti
1097 3403 1202 3463 causa,

191 3491 287 3551 posse
311 3471 428 3554 repeti3
452 3469 507 3534 sed
532 3470 559 3534 si
582 3468 738 3534 nescisset
760 3469 898 3534 alienam
917 3469 1003 3553 apud
1021 3491 1055 3533 se
1075 3468 1203 3555 deponi,

192 3577 257 3620 non
282 3579 351 3622 esse
374 3559 493 3641 furem,
515 3558 604 3643 item,
627 3557 655 3622 si
677 3558 813 3642 pecunia
837 3557 904 3622 eius
927 3557 1072 3641 nomine,
1095 3579 1115 3621 a
1138 3580 1202 3642 quo
