2614 3914
161 161 227 226 392
255 161 329 217 VIII.
344 159 477 216 oeTavr
492 159 697 217 sancionis
712 157 885 215 CONSULT.
896 158 1020 214 scalas
1037 159 1173 214 ΤΕΒΤΙΑΙ

243 329 402 406 ΚΡιπίιιοὶρθε
419 347 537 406 quoque
552 328 687 407 Trebatii
702 327 864 387 sententias
879 327 975 386 secuti
988 346 1053 386 esse
1067 327 1171 387 videu-
1292 371 1293 376 η

160 421 225 478 tur:
245 421 325 478 certe
344 438 412 478 cum
430 417 467 476 de
486 417 691 477 codicillorum
710 411 769 476 usu
785 416 954 492 recipiendo
971 416 1172 494 dubitaretur,

161 501 284 567 ‘dicitur
308 508 465 582 Augustus
494 525 671 567 convocasse
698 505 873 584 prudenteS,
899 505 979 564 iuter
1001 522 1077 580 quos
1101 505 1173 564 Tre·
1292 563 1293 588 ,

160 597 276 655 batium
304 615 435 673 quoque,
467 596 553 654 cuius
580 599 653 654 tunc
680 595 843 654 auctoritas
871 595 1002 652 maxima
1028 597 1107 670 erat,
1142 597 1173 652 et
1292 591 1293 594 ’

161 685 322 762 quaesisse,
340 704 379 744 an
397 687 498 759 posset
516 685 571 744 hoc
588 683 683 759 recipi
699 683 916 742 nec'absonaus
931 701 949 740 a
962 682 1038 742 iuris
1052 683 1172 741 ratione

159 773 365 833 codicillorum
392 791 465 832 usus
494 775 585 848 esset,
614 775 645 831 et
668 771 843 831 Trebatium
871 771 999 830 suasisse
1021 770 1173 848 Augusto,

161 863 240 937 quod
264 862 375 921 diceret
397 861 593 920 utilissimum
617 864 648 920 et
669 861 867 920 necessarium
892 860 948 919 hoc
970 859 1086 920 civibus
1107 878 1171 919 esse
1292 861 1293 864 ’

159 953 284 1026 propter
311 969 435 1026 magnas
463 953 494 1008 et
521 951 627 1028 longas
649 950 905 1026 peregrinationes
1003 952 1073 1024 post
1096 967 1171 1024 quae

160 1043 296 1114 tempora
310 1065 314 1074 ·
328 1057 395 1097 cum
428 1042 459 1098 et
485 1039 586 1098 Labeo
619 1038 770 1099 codicillos
802 1038 936 1112 fecisset,
968 1038 1027 1096 iam
1059 1037 1172 1097 nemini
1227 1097 1230 1104 ,
1292 1065 1293 1094 ;

161 1127 286 1186 dubium
317 1131 395 1205 erat,
428 1127 501 1204 quin
528 1127 663 1187 codicilli
689 1127 754 1186 iure
782 1127 895 1201 optimo
923 1119 1172 1184 admitterentur'

160 1216 234 1276 Inst.
250 1218 279 1294 2,
295 1217 390 1291 25pr.
432 1221 537 1291 postea
560 1217 647 1276 divus
671 1215 741 1274 Pius
766 1215 928 1275 secundum
946 1214 1082 1274 Trebatii
1106 1233 1171 1273 sen-

160 1304 287 1364 tentiam
309 1304 430 1364 videtur
453 1305 656 1365 constituisse:
687 1297 734 1362 ‘in
757 1305 838 1380 agris
861 1303 1000 1362 limitatis
1023 1305 1071 1362 ius
1096 1297 1171 1361 alluss

160 1393 257 1454 rionis
289 1394 389 1452 locum
418 1413 477 1453 non
504 1394 614 1452 habere
643 1396 773 1464 constat,
806 1393 896 1468 idque
924 1395 955 1452 et
982 1393 1070 1452 divus
1099 1392 1172 1451 Pius
1292 1393 1293 1396 ’

161 1481 319 1542 constituit
342 1487 373 1541 et
396 1482 556 1542 Trebatius
580 1481 623 1541 ait
642 1529 648 1540 .
664 1475 683 1540 .'
706 1482 742 1542 D.
762 1484 858 1558 41,1‚
879 1483 927 1540 16.

250 1570 383 1630 Trebatii
409 1572 553 1630 memoria
579 1590 617 1630 nc
645 1575 751 1648 quarto
779 1570 899 1646 quidem
926 1590 955 1645 p.
974 1567 1027 1628 Ch.
1052 1569 1174 1628 saeculo

161 1677 287 1735 prorsus
315 1659 415 1719 deleta
441 1661 516 1719 erat.
564 1659 742 1718 Ammianus
770 1661 821 1736 30,
836 1661 865 1736 4,
886 1661 924 1718 11
955 1659 990 1717 de
1019 1657 1174 1719 advocatis

160 1766 285 1807 narrans
312 1748 387 1807 haec
414 1749 470 1808 ait:
498 1742 678 1808 ‘secundum
706 1753 753 1806 cst
777 1767 872 1824 genus
896 1766 1000 1806 eorum
1023 1747 1076 1825 qui
1098 1747 1175 1806 iuris

160 1837 288 1913 professi
319 1838 475 1896 scientiam
592 1840 628 1895 ut
655 1837 746 1895 altius
773 1836 934 1898 videantur
960 1837 1028 1894 iura
1055 1836 1176 1912 callere,

162 1925 336 1984 Trebatium
368 1926 532 2002 loquuntur
562 1929 593 1984 et
621 1923 802 1984 Cascellium
828 1919 912 1985 ...'.
964 1924 1176 2002 Tribonianus,

162 2032 230 2073 cum
252 2014 379 2090 Digesta
403 2015 601 2090 componeret,
625 2013 759 2072 Trebatii
782 2014 874 2074 libros
897 2013 1038 2091 neglexit.

252 2102 423 2162 Sententiae
448 2103 512 2160 eius
535 2102 697 2160 nonnullae
716 2121 734 2160 a
751 2103 880 2177 posteris
898 2102 981 2162 uarie
1000 2101 1176 2179 traduntur,

162 2208 236 2266 quas
259 2191 421 2251 varietates
444 2208 609 2266 proponere
632 2189 771 2250 idoneum
794 2191 923 2250 videtur.

656 2421 681 2482 1.

230 2537 312 2604 ceu.
330 2541 365 2623 4,
384 2541 418 2624 2,
438 2539 471 2624 o,
492 2541 542 2606 10.
585 2539 632 2605 ne
764 2539 996 2622 o.21,1,14,3.
1011 2498 1176 2624 upana

162 2630 264 2694 sterili
293 2633 401 2694 autem
430 2629 577 2710 muliere,
606 2631 633 2694 si
696 2629 780 2694 libro
795 2630 899 2713 primo
914 2630 954 2693 ad
969 2630 1109 2694 edietum
1125 2652 1177 2694 ae-

161 2719 272 2782 nativa
295 2719 464 2784 sterilitate
484 2717 537 2801 sit,
559 2719 633 2783 Tre·
696 2719 810 2782 dilium
822 2719 979 2783 curulium
991 2716 1176 2805 (P.1760⁸).

161 2807 288 2870 betium
312 2812 425 2871 contra
447 2805 633 2870 Labeonem
697 2807 746 2871 De
775 2806 880 2872 sterili
904 2804 1031 2871 Caelius
1060 2807 1175 2871 distin-

160 2893 365 2978 respondisse
394 2893 512 2958 dicunt.
557 2916 633 2959 nam
698 2916 795 2979 guero
816 2895 1005 2959 Trebatium
1025 2895 1112 2978 dicit,
1129 2901 1174 2980 ut,

163 3005 236 3048 cum
260 2982 413 3047 rethiberi
432 3003 503 3046 eam
524 2981 632 3048 Labeo
699 2984 727 3047 si
745 2987 863 3048 natura
882 2985 1001 3048 sterilis
1021 2985 1071 3067 sit,
1094 3005 1176 3049 sana

161 3071 255 3156 quasi
269 3070 375 3135 minus
391 3093 501 3135 sanam
522 3075 633 3154 putas·
698 3073 749 3156 sit,
762 3073 790 3136 si
799 3073 877 3138 vitio
889 3074 1041 3158 corporis,
1051 3078 1176 3138 contra.

162 3164 221 3243 set,
243 3181 381 3245 negasse
404 3161 496 3224 aiunt
513 3158 633 3225 Treba·

161 3250 243 3314 tium
268 3271 305 3314 ex
329 3249 434 3314 edicto
453 3249 508 3333 agi
528 3271 633 3334 posse,

162 3339 191 3403 si
219 3361 257 3402 ea
284 3339 398 3402 mulier
427 3361 446 3402 a
472 3339 632 3422 principio

162 3427 298 3510 genitali
330 3427 504 3493 sterilitate
540 3431 633 3492 esset.

163 3516 248 3579 atsi
273 3516 417 3582 valitudo
442 3517 510 3582 eius
534 3515 632 3582 offen-
