2614 3914
424 234 448 283 ὅ.
473 227 502 283 O.
518 226 723 282 TREBATIUS
741 225 858 282 TESTA
1079 223 1145 290 403

482 406 617 461 Muadutc'
634 406 676 460 vel
694 409 798 459 contra.

224 505 276 572 25.
303 505 343 570 D.
364 507 415 590 17,
436 507 465 592 1,
485 507 537 591 22,
557 506 607 570 10.
644 505 765 570 Paulus
784 505 868 569 libro
887 505 1076 590 trigessimo
1096 529 1145 570 se·

133 595 240 662 cundo
264 595 304 660 ad
328 593 469 660 edictum
493 591 542 681 (P.
555 593 647 678 487).
683 593 718 659 Si
739 596 868 659 curator
890 593 1048 659 bonorum
1070 617 1145 659 ven·

4 693 5 742 Q
133 685 290 750 ditionem
315 683 444 769 quidem
467 682 588 764 fecerit,
610 683 779 768 pecuniam
803 685 911 746 autem
932 682 1144 748 creditoribus

4 811 5 846 2
132 796 198 839 non
222 774 363 857 solverit,
382 772 554 837 Trebatius
574 771 689 836 Ofilius
708 770 818 836 Labeo
839 771 1075 854 responderunt
1093 772 1144 836 his

133 863 190 948 qui
212 866 398 947 praesentes
421 861 553 926 fuerunt
575 865 758 944 competere
783 859 934 925 adversus
959 882 1031 924 eum
1055 883 1144 925 man-

133 953 202 1016 dati
226 952 401 1035 actionem,
427 950 480 1015 his
511 953 617 1014 autem
641 949 697 1034 qui
721 949 870 1014 absentes
894 948 1025 1014 fuerunt
1046 969 1145 1034 nego·

4 1113 5 1122 ¹
132 1042 254 1106 tiorum
278 1043 443 1125 gestorum
467 1039 626 1104 actionem
649 1060 727 1103 esse.

487 1204 531 1258 De
548 1206 628 1259 rebus
646 1204 789 1274 publicis?

223 1306 275 1372 26.
307 1304 346 1369 D.
366 1305 533 1388 41,1,41.
579 1304 738 1390 Ulpianus
766 1305 850 1370 libro
878 1327 963 1371 nono
988 1304 1028 1369 ad
1052 1304 1144 1370 Sabi-

131 1418 210 1460 num
231 1392 280 1482 (P.
294 1393 383 1478 332).
426 1391 556 1459 Statuas
579 1395 614 1458 in
637 1394 767 1459 civitate
791 1394 915 1478 positas
939 1394 1057 1459 civium
1078 1417 1145 1459 non

4 1515 5 1542 2
132 1507 217 1568 esse,
245 1483 341 1568 idque
367 1482 537 1548 Trebatius
562 1507 627 1567 ...3
656 1482 732 1546 dare
759 1487 869 1547 tamen
897 1505 1028 1566 operam
1055 1505 1144 1567 prae-

132 1579 237 1638 torem
262 1575 418 1656 oportere,
442 1576 487 1654 ut,
510 1572 595 1656 quod
619 1594 656 1636 ea
674 1575 782 1636 mente
800 1572 833 1634 in
851 1571 981 1654 publico
1000 1573 1144 1655 positum

131 1666 196 1746 est,
219 1681 260 1726 ne
283 1661 394 1726 liceret
416 1660 545 1744 privato
570 1661 695 1726 auferre
717 1681 777 1724 neo
800 1661 829 1723 ei
853 1661 908 1743 qui
929 1660 1085 1744 posuerit.

478 1852 525 1911 De
547 1805 657 1912 arbitro
679 1857 796 1926 recepto.

220 1973 273 2037 27.
301 1971 339 2036 Ι).
359 1973 393 2052 4,
413 1971 447 2054 8,
465 1972 517 2052 21,
537 1973 565 2036 1.
601 1969 762 2056 Ulpianus
788 1970 873 2036 libro
897 1970 994 2035 tertio
1020 1969 1142 2035 decimo

3 2049 4 2052 ¹
132 2061 171 2126 ad
205 2061 344 2126 edictum
372 2057 422 2148 (P.
446 2055 552 2145 45710).
605 2059 639 2124 si
672 2061 792 2125 arbiter
824 2060 870 2124 ita
901 2059 1143 2144 pronuntiasset

129 2150 213 2215 nihil
242 2149 343 2214 videri
369 2149 491 2213 Titium
520 2149 635 2214 debere
665 2147 752 2214 Seio:
780 2149 910 2214 tametsi
941 2146 1049 2213 Seium
1076 2169 1143 2213 non

130 2239 287 2304 vetuisset
310 2242 428 2322 petere,
450 2241 560 2302 tamen
583 2238 612 2302 si
635 2239 712 2322 quid
735 2239 883 2325 petisset,
906 2237 1007 2302 videri
1030 2241 1143 2302 contra

131 2328 326 2392 sententiam
355 2327 472 2391 arbitri
499 2326 626 2408 fecisse,
653 2332 686 2391 et
713 2328 745 2390 id
770 2324 884 2392 Ofilius
912 2330 944 2390 et
969 2325 1143 2391 Trebatius

3 2443 4 2446 ¹
130 2415 376 2500 responderunt.

222 2615 308 2686 Quod
331 2615 512 2692 Pomponius
535 2613 614 2690 §45
640 2615 696 2674 ait:
720 2609 867 2674 ‘Trebatii
894 2615 1063 2689 complures
1088 2607 1142 2694 (so.

130 2705 202 2765 libri
240 2697 399 2784 exstant)’,
436 2706 466 2763 et
502 2704 697 2764 confirmatur
729 2707 759 2762 et
791 2704 958 2780 explicatur
990 2703 1033 2762 eis
1065 2721 1141 2778 quae

129 2789 300 2870 Porphyrio
324 2786 377 2873 (ad
399 2793 505 2852 Horat.
529 2796 675 2868 serm.‚2,
696 2785 729 2872 1)
758 2793 863 2851 tradit:
893 2787 1022 2869 ‘aliquot
1049 2790 1141 2850 libros

3 2875 4 2880 ’
131 2883 167 2942 de
196 2882 277 2943 civili
304 2883 371 2941 iure
398 2883 566 2958 composuit
593 2885 624 2940 et
651 2882 688 2941 de
715 2881 909 2960 religionibus
936 2875 1063 2941 novem’.
1110 2885 1142 2939 at

130 2971 280 3050 quomodo
308 2972 399 3032 verba
428 2965 559 3049 ‘aliquot
585 2972 678 3031 libros
706 2971 742 3031 de
770 2972 851 3032 civili
873 2971 940 3030 iure
963 2962 1141 3045 composuit’

130 3060 329 3137 intelligenda
353 3060 425 3137 sint,
453 3061 489 3120 de
517 3081 551 3120 eo
575 3060 707 3120 dubitari
729 3063 838 3136 potest.
882 3079 943 3120 non
966 3066 1029 3119 tam
1052 3059 1142 3118 libro-

133 3170 201 3209 rum
224 3149 357 3226 titulum,
380 3168 469 3225 quam
491 3149 592 3226 potius
611 3154 789 3228 argumenta
809 3150 887 3209 tradi
905 3148 1067 3209 verisimile
1087 3149 1142 3222 est,
1228 3143 1230 3150 ’

131 3237 184 3298 sed
211 3239 313 3297 utrum
341 3257 435 3296 unum
462 3257 535 3314 opus
564 3258 603 3298 an
630 3239 795 3315 compluria
823 3257 913 3314 opera
938 3237 1142 3314 designentur,

130 3327 312 3405 ignoramus.
354 3326 493 3402 Krueger
514 3347 542 3404 p.
559 3331 599 3387 68
624 3346 651 3388 n.
668 3331 719 3388 79.
761 3327 811 3404 qui
834 3345 882 3385 res
904 3327 985 3402 ipsas
1009 3323 1140 3383 conside·

3 3439 4 3448 ¹
132 3416 257 3490 raverit,
285 3417 375 3492 plura
402 3434 492 3490 opera
519 3415 556 3475 de
583 3417 647 3476 iure
673 3416 792 3492 privato
817 3415 966 3492 designari
989 3411 1139 3471 iudicabit.

222 3503 308 3574 Quod
326 3504 507 3581 Pomponius
531 3505 551 3564 l.
574 3523 598 3564 c.
621 3505 718 3564 addit:
743 3499 806 3564 ‘sed
829 3504 926 3562 minus
950 3503 1140 3579 frequentan-

3 3593 5 3604 ’
131 3587 203 3672 tur’,
226 3593 343 3653 Puohta
366 3593 439 3653 lost.
463 3589 482 3669 ξ
508 3596 548 3654 97
576 3613 635 3653 non
658 3597 738 3654 recte
766 3594 808 3654 sic
836 3594 1051 3668 interpretatus
1083 3593 1140 3650 est:

873 3692 928 3746 26*
