2598 3910
365 195 405 245 16.
431 189 687 262 <P.>Aur1n1us
707 189 861 246 NAMUSA
1052 190 1115 253 2Ἷῖ

148 377 198 434 Eu
222 378 317 436 eodem
338 377 383 434 uel
405 393 439 434 eu
461 378 588 448 sequenti
611 377 682 435 libro
706 393 794 448 aequa
817 377 910 449 leuato
933 379 1078 436 tractanti.

387 492 432 576 De
448 493 533 559 fundi
550 493 729 548 instrumento
748 492 842 560 tepato.

198 603 228 666 2.
252 600 290 664 D.
310 602 366 680 33,
386 602 420 683 7,
440 602 482 665 12
500 623 548 685 pr.
593 599 753 684 Ulpianus
787 601 870 665 libro
898 601 1049 666 vicesimo
1078 601 1117 666 ad
1203 637 1208 646 ·

69 757 73 764 ,
106 688 264 755 Sabinum
293 686 343 776 (P.
367 685 478 775 2609).
527 689 716 766 Quaesitum
751 695 813 773 est,
846 711 887 753 an
919 690 1117 755 frumentum

108 779 195 864 quod
232 778 362 843 cibariis
395 779 553 842 cultorum
585 783 735 863 paratum
768 778 865 862 foret,
901 779 1118 855 instrumento

108 868 244 932 cederet.
286 872 319 930 et
336 867 483 950 plurimis
502 889 567 931 non
586 869 700 952 placet,
724 867 801 952 quia
819 871 1060 932 consumeretur

109 956 166 1021 sed
204 977 264 1041 ego
302 961 381 1040 puto
417 960 450 1019 et
485 955 683 1020 frumentum
715 963 748 1020 et
779 957 891 1020 vinum
926 956 966 1020 ad
998 957 1119 1020 cibaria

108 1050 260 1129 paratum
278 1046 494 1109 instrumento
514 1045 679 1126 contineri,
703 1049 735 1109 et
753 1045 801 1109 ita
820 1041 967 1110 Servium
986 1067 1119 1128 respon-

55 1157 59 1162 ’
109 1135 194 1198 disse
219 1133 381 1198 auditores
405 1135 474 1197 eius
497 1134 648 1198 referunt.

67 1281 70 1286 .
199 1223 228 1288 3.
260 1222 299 1286 D.
319 1222 376 1308 33,
395 1223 424 1305 7,
450 1223 504 1304 12,
523 1223 619 1287 3-6.
667 1221 828 1306 Ulpianus
856 1223 932 1286 ibid.
959 1259 996 1290 -τ-
1023 1245 1119 1307 quae-

109 1311 206 1394 ritur,
245 1333 286 1374 an
323 1332 449 1394 servus,
486 1311 540 1394 qui
572 1311 665 1394 quasi
697 1311 830 1376 colonus
862 1313 898 1375 in
931 1333 1009 1397 agro
1041 1316 1120 1395 erat,
1181 1344 1183 1348 ·

1 1395 2 1398 ¹
109 1401 327 1464 instrumento
351 1401 453 1485 legati
476 1397 687 1464 contineatur.
732 1405 764 1463 et
786 1399 895 1464 Labeo
919 1406 951 1464 et
973 1400 1119 1485 Pegasus

110 1539 143 1554 ..
176 1492 376 1572 negaverunt
407 1539 440 1552 ..
474 1489 665 1552 saltuarium
703 1493 809 1552 autem
845 1489 953 1553 Labeo
991 1490 1120 1574 quidem

110 1581 205 1661 putat
224 1599 298 1641 eum
317 1577 445 1641 demum
464 1578 621 1642 contineri
640 1578 695 1660 qui
710 1576 874 1642 fructuum
890 1579 1119 1643 servandorum

111 1667 219 1750 gratia
242 1671 375 1750 paratus
400 1667 456 1746 sit,
482 1688 554 1729 eum
577 1687 656 1748 non,
680 1667 735 1750 qni
758 1666 872 1730 finium
896 1667 1119 1732 custodiendo·
1171 1709 1172 1715 κ

110 1777 182 1819 rum
210 1776 320 1838 causa,
353 1755 408 1820 sed
435 1753 588 1820 Neratius
619 1755 717 1819 etiam
745 1755 830 1818 huno
947 1755 1120 1820 Trebatius

112 1843 251 1928 amplius
288 1844 387 1908 etiam
419 1844 576 1927 pistorem
607 1848 642 1916 ,εὴ
673 1849 851 1927 tonsorem,
888 1844 944 1928 qni
974 1843 1119 1909 familiae

110 1934 250 1997 rusticae
287 1953 384 1996 causa
420 1934 527 2017 parati
565 1937 654 2013 sunt,
695 1936 791 2016 putat
828 1933 1000 2015 contineri,
1040 1933 1119 1998 item

109 2019 253 2104 fabrum,
286 2021 341 2105 qui
373 2021 469 2085 villae
497 2021 686 2086 reficiendae
714 2043 811 2086 causa
837 2028 971 2105 paratus
1001 2023 1055 2100 sit,
1088 2029 1120 2086 et

110 2111 272 2193 mulieres,
293 2132 373 2194 quaa
392 2132 510 2194 panem
530 2114 670 2195 coquant
688 2131 832 2194 quaeque
851 2111 959 2175 villam
979 2117 1119 2196 servent3

110 2199 188 2262 item
212 2197 388 2280 molitores,
413 2201 440 2263 si
462 2199 502 2262 ad
520 2221 614 2263 usum
633 2199 788 2263 rusticum
806 2200 914 2283 parati
933 2205 1017 2280 sunt,
1041 2201 1120 2265 item

110 2287 266 2352 focariam
299 2292 331 2351 et
362 2287 506 2361 silicam,
542 2288 569 2352 si
602 2288 697 2352 modo
731 2288 840 2372 aliquo
875 2288 982 2352 officio
1014 2290 1120 2354 virum

110 2376 256 2460 adiuvet3
275 2377 352 2440 item
372 2376 517 2440 lanificas
536 2398 617 2460 quae
636 2376 794 2440 familiam
808 2379 963 2441 rusticam
978 2379 1122 2444 vestiunt

109 2470 144 2529 et
168 2487 250 2550 quae
273 2465 490 2548 pulmentaria
513 2465 643 2529 rusticis
667 2468 816 2548 coquant.

79 2570 80 2573 ’
201 2551 263 2618 Sed
305 2576 345 2618 an
386 2554 593 2618 instrumenti
633 2554 884 2634 instrumentum
924 2554 1034 2637 legato
1071 2556 1121 2619 in-

110 2646 292 2706 strumento
331 2645 528 2724 continetur,
570 2642 750 2725 quaeritur:
790 2642 870 2706 haec
911 2642 996 2705 enim
1039 2665 1121 2728 quae

109 2734 304 2795 rusticorum
332 2753 429 2796 causa
455 2735 611 2816 parantur
635 2730 797 2811 [lanificae
821 2735 854 2794 et
876 2730 970 2794 lanae
994 2735 1026 2795 et
1049 2738 1120 2798 ton-

110 2841 199 2884 sores
219 2824 253 2884 et
270 2819 409 2885 fullones
429 2828 462 2884 et
481 2818 644 2904 focariae],
662 2841 727 2884 non
748 2819 818 2904 agri
838 2823 913 2883 sunt
926 2819 1120 2888 instrumen-

109 2911 193 2993 tum,
231 2909 285 2973 sed
322 2909 548 2973 instrumenti·
591 2913 670 2992 puto
702 2909 803 2995 igitur
835 2909 932 2973 etiam
965 2909 1121 2976 focariam

110 2998 283 3081 contineri,
311 2997 367 3062 sed
391 3002 425 3062 et
447 2997 593 3084 lanificas
624 3002 658 3062 et
680 3006 817 3082 ceteros,
846 2997 901 3082 qui
925 3021 1022 3082 supra
1045 3023 1120 3065 enn-

109 3087 228 3150 merati
265 3093 353 3168 sunt,
390 3091 423 3150 et
458 3087 505 3151 ita
537 3085 683 3152 Servium
716 3087 921 3171 respondisse
955 3089 1120 3154 auditores

110 3177 178 3239 eius
202 3174 357 3238 referunt.
431 3224 432 3227 η

497 3271 541 3324 De
558 3271 619 3326 dote
637 3270 733 3340 lupata.

201 3372 230 3440 3.
254 3367 291 3433 D.
308 3371 359 3452 33,
369 3371 399 3452 4,
408 3371 439 3454 6,
451 3371 479 3434 1.
515 3369 624 3434 Labeo
643 3371 726 3434 libro
747 3369 887 3434 seeundo
905 3371 1122 3452 posteriorum

111 3458 305 3524 aJavoleno
330 3460 579 3543 epitomatorum
603 3455 652 3545 (P.
673 3457 761 3542 178).
805 3459 882 3522 ..ei
906 3478 987 3542 quae
1012 3459 1121 3524 dotem

110 3549 236 3614 nullam
268 3546 423 3632 habebat,
454 3548 505 3612 vir
538 3549 583 3612 sio
609 3549 786 3632 legaverat:
820 3545 959 3630 ‘quanta
985 3550 1116 3628 pecuni‘
