2588 3908
176 187 243 250 216
280 187 326 242 vr.
347 141 484 242 oornvr
503 183 601 244 sene.
620 187 716 243 nnus
736 187 908 244 consum.
925 187 1048 242 snnrns
1068 187 1184 242 rnrnn
1277 267 1278 272 Ν

269 351 342 416 148.
376 350 540 436 1).39‚4‚
562 350 612 416 15.
653 350 789 418 Alfenus
814 350 1027 416 Varus‘libro
1052 353 1186 436 reptimo
1277 345 1278 424 f

179 440 388 525 Digestorum
403 437 453 524 (P.
463 441 528 520 28).
557 438 676 505 Caesar
695 462 767 504 eum
781 440 906 505 insulae
921 438 1035 506 Oretoe
1050 442 1187 507 eotories

178 531 310 610 locaret,
324 529 428 613 legem
443 528 489 593 ite
504 527 645 593 dixerat:
658 527 711 592 ‘ne
726 529 798 612 quis
812 533 940 612 praeter
953 530 1186 616 redemptorem
1277 583 1278 612 ,

178 621 253 703 post
276 617 347 682 idus
371 616 506 682 Martias
536 621 640 681 cotem
669 639 708 682 ex
735 615 842 682 insule
865 616 960 683 Creta
983 618 1085 684 fodito
1108 641 1186 684 neve

179 706 309 772 eximito
325 727 405 770 neve
423 705 564 771 avetito’
572 703 592 770 1.
630 705 796 770 cuiusdam
814 707 907 770 navis
926 711 1043 772 onusto
1061 709 1187 772 ootibus
1277 713 1278 724 ¹

179 800 255 859 ante
278 795 351 859 idus
375 791 510 858 Martias
535 815 572 858 ex
595 799 692 879 portu
716 792 830 860 Cretae
854 794 999 880 profectu
1022 801 1119 862 vento
1143 819 1187 862 re-

178 885 247 949 late
270 883 302 946 in
325 885 455 966 portum
478 886 558 966 eret,
581 883 695 948 deinde
717 882 834 948 iterum
859 887 934 968 post
956 884 1028 950 idus
1051 883 1187 950 Martias

179 973 324 1055 profecte
347 974 426 1038 erat.
472 971 715 1055 consulebatur,
743 995 820 1036 num
849 976 961 1037 eontra
984 973 1090 1058 legem
1110 969 1188 1058 post

179 1062 250 1126 idus
273 1060 408 1124 Martias
438 1081 477 1124 ex
499 1059 607 1124 insula
630 1059 726 1125 Crete
752 1065 839 1125 ootes
868 1061 973 1126 exisse
997 1062 1187 1128 viderentur.

178 1149 354 1235 respondit,
377 1149 510 1214 temetsi
534 1153 648 1238 portus
673 1170 814 1234 quoque,
844 1149 899 1234 qui
921 1151 1046 1216 insulae
1070 1157 1187 1230 essent,

179 1259 290 1304 omnes
319 1236 387 1302 eius
411 1237 537 1302 insulae
560 1260 630 1302 esse
653 1238 853 1321 riderentur,
868 1241 988 1304 temen
1012 1261 1105 1321 eum,
1134 1241 1187 1325 qui

179 1331 255 1393 ente
278 1326 350 1390 idus
373 1325 509 1391 Martias
533 1326 697 1410 profectus
721 1348 759 1391 ex
782 1331 878 1411 portu
902 1331 989 1392 esset
1012 1331 1044 1392 et
1067 1330 1186 1394 relatus

178 1417 371 1500 tempestate
390 1414 425 1480 in
444 1413 602 1480 insulam²
621 1419 715 1494 esset,
735 1417 763 1480 si
781 1415 856 1490 inde
875 1417 994 1482 exisset
1007 1439 1074 1482 non
1088 1419 1188 1484 videri
1277 1489 1278 1510 ἢ

179 1510 293 1570 eontra
312 1504 417 1587 legem
436 1503 559 1587 feoisse,
582 1510 749 1589 propterea
768 1505 932 1588 quodiam
951 1505 1045 1571 initio
1060 1511 1188 1572 evectae
1277 1511 1278 1570 ἲ

178 1597 267 1658 ootes
286 1593 481 1672 viderentur,
500 1615 572 1658 eum
592 1597 625 1658 et
645 1616 684 1658 ex
702 1597 798 1677 portu
817 1594 907 1658 novis
926 1593 1072 1678 profecte
1090 1601 1187 1662 esset.

513 1786 561 1844 De
582 1785 698 1844 iudieie'e
714 1785 850 1858 publecis.
1275 1671 1278 1826 i

266 1903 341 1968 149.
368 1903 405 1969 D.
418 1904 472 1984 44,
489 1903 519 1985 7,
533 1902 584 1966 20.
615 1902 751 1967 Alfenus
775 1903 857 1968 libro
882 1905 1020 1969 seeundo
1041 1904 1190 1990 Digesto·

178 2013 251 2054 rum
271 1991 320 2076 (P.
336 1989 382 2078 9).
420 1989 555 2056 Servum
578 2013 644 2055 non
663 1991 697 2054 in
716 1992 867 2056 omnibns
886 1993 982 2057 rebus
1001 1993 1068 2057 sine
1086 2015 1191 2078 poene

179 2079 310 2144 domino
336 2079 421 2144 dieto
446 2079 622 2144 audientem
645 2100 715 2142 esse
738 2080 847 2166 debere,
871 2080 966 2146 sicuti
990 2083 1018 2146 si
1041 2083 1190 2148 dominus
1277 2095 1278 2106 ¹

179 2167 343 2230 hominem
377 2167 519 2232 occidere
552 2171 609 2231 aut
640 2167 764 2232 furtum
799 2167 897 2232 elicui
928 2169 1031 2235 faeere
1062 2193 1192 2237 servum

178 2255 336 2319 iussisset.
382 2277 480 2340 quere
504 2257 650 2340 quamvis
679 2256 802 2321 domini
830 2259 920 2322 iussn
944 2281 1054 2324 servus
1076 2261 1192 2344 pirati-
1277 2259 1278 2264 ’

179 2365 252 2410 eam
275 2343 420 2429 fecisset,
451 2344 604 2409 iudicium
632 2346 666 2410 in
694 2366 765 2409 eum
793 2351 869 2429 post
893 2347 1078 2413 libertatem
1101 2349 1192 2414 reddi

179 2435 335 2516 oportere.
373 2437 405 2498 et
429 2434 651 2518 quodcumque
671 2433 704 2498 vi
722 2434 860 2518 fecisset,
883 2457 965 2520 quae
983 2437 1033 2501 vis
1053 2459 1072 2500 o
1091 2439 1191 2503 mele-

178 2521 251 2587 fioio
279 2544 345 2588 non
373 2524 516 2608 obesset,
549 2523 596 2587 ita
624 2526 771 2606 oportere
797 2545 918 2608 poenes
944 2547 1017 2589 eum
1041 2526 1191 2610 pendere.

180 2609 236 2676 sed
260 2611 288 2676 si
311 2613 418 2696 aliqua
441 2612 512 2676 rixo
534 2633 574 2676 ex
592 2612 704 2676 litibus
728 2617 760 2676 et
779 2614 983 2678 contentione
1002 2621 1080 2678 nata
1105 2620 1193 2680 esset

180 2705 237 2765 aut
260 2701 368 2786 aliqua
392 2701 439 2766 vis
463 2701 543 2766 iuris
566 2701 725 2765 retinendi
749 2723 845 2766 eausa
867 2701 953 2766 foeta
979 2707 1065 2767 esset
1093 2707 1126 2768 et
1150 2705 1191 2768 ab

179 2788 231 2852 his
255 2790 351 2854 rebus
376 2789 500 2854 facinus
525 2789 667 2870 abesset,
693 2795 763 2854 tum
787 2791 1043 2856 non‘oonvenire
1065 2797 1191 2876 praeto·
1277 2841 1278 2848 κ

178 2898 261 2958 rem,
291 2877 375 2960 quod
399 2899 510 2942 servus
538 2877 629 2941 iussu
653 2879 775 2942 domini
801 2877 943 2961 fecisset,
970 2879 1009 2943 de
1037 2901 1132 2945 esre
1157 2883 1190 2946 in

179 2963 317 3028 liberum
341 2965 494 3029 iudicium
518 2965 604 3031 dare.

267 3067 367 3125 Alfeni
392 3067 486 3126 oratio
511 3086 529 3126 u
552 3067 732 3127 Triboniono
755 3071 874 3128 mutate
897 3073 952 3130 est.
997 3071 1085 3130 hodio
1110 3073 1190 3132 enim

179 3155 221 3215 sie
248 3155 374 3231 legitur:
404 3147 525 3216 ‘servus
548 3199 578 3215 ..
601 3155 725 3216 audiens
753 3175 818 3216 esse
845 3159 966 3218 solet..
990 3159 1074 3218 reddi
1102 3180 1188 3238 opor·

178 3247 222 3304 tet
234 3288 259 3304 ..
274 3245 318 3303 itu
332 3247 448 3321 oportet
462 3291 486 3306 ..
501 3263 561 3304 non
575 3245 710 3304 convenit
719 3289 727 3305 .
737 3239 756 3303 .'
785 3247 820 3306 of.
830 3245 867 3307 D.
879 3249 929 3326 21,
941 3251 967 3324 1,
978 3250 1067 3325 19pr.
1079 3244 1189 3330 (Ulp.):

179 3327 228 3394 ‘ea
251 3352 327 3410 queo
346 3333 384 3392 ud
402 3333 513 3392 nudam
532 3333 652 3392 landem
672 3335 748 3394 servi
767 3335 926 3412 pertinent,
949 3337 1045 3398 veluti
1063 3338 1089 3398 si
1108 3339 1188 3399 dixe-

252 3493 264 3540 1
290 3485 340 3539 Fe.
360 3483 485 3541 evellito.
513 3486 663 3541 emendavit
684 3487 718 3541 P.
734 3487 871 3540 Pithoeus.

251 3563 266 3610 2
290 3557 341 3612 Fl.
361 3557 390 3610 in
409 3557 530 3612 insulem
549 3557 692 3611 deductus.
