2614 3914
311 223 313 228 -
417 198 848 278 s.e.raaarr1usrasm
1072 201 1136 266 401

8 357 9 360 '
127 363 285 447 seriptum
309 367 407 428 esset:
432 361 557 428 ‘Sticho
581 384 673 428 servo
697 385 768 429 meo
790 363 883 427 heres
904 363 1042 448 quinqua
1062 364 1138 428 dato

127 457 173 532 et,
208 452 236 515 si
265 452 394 517 Stichus
426 451 539 516 heredi
569 473 640 516 meo
669 453 834 517 biennium
863 452 1023 536 servierit,
1055 453 1139 516 liber

128 539 221 626 esto',
245 545 322 625 post
345 541 512 605 biennium
536 542 678 624 legatum
698 541 806 605 deberi
825 541 981 622 existimo,
1007 533 1082 625 quia
1105 541 1139 606 in

126 628 160 694 id
182 633 312 714 tempus
336 634 368 694 et
393 629 528 694 libertas
547 633 580 693 et
598 631 742 715 legatum
760 629 872 693 referri
891 629 1030 714 deberet,
1054 631 1139 714 quod

127 722 160 782 et
182 718 355 784 Trebatius
379 717 554 804 respondit

461 884 505 938 De
523 901 576 939 usu
593 885 689 950 fructu
707 885 801 954 leuato.
928 869 931 874 ¹

221 995 271 1059 18.
294 993 333 1058 D.
353 994 409 1078 33,
428 994 463 1078 2,
481 995 533 1060 31.
570 993 678 1058 Labeo
706 995 789 1059 libro
820 995 957 1060 secundo
980 995 1138 1080 posterio-

127 1105 199 1147 rum
220 1083 403 1172 aIavoleno
423 1084 675 1167 epitomatorum
696 1081 744 1168 (P.
763 1081 847 1168 176).
880 1084 912 1148 Is
932 1085 986 1168 qui
1004 1084 1139 1148 fundum

127 1179 236 1236 tecum
259 1193 461 1236 communem
484 1172 636 1253 babebat,
659 1194 753 1236 usum
777 1173 915 1238 fructum
940 1173 1033 1237 uxori
1051 1174 1139 1258 lega-

127 1268 235 1343 verat,
264 1265 339 1343 post
366 1264 503 1324 mortem
531 1261 599 1324 eius
625 1267 730 1324 tecum
756 1260 849 1326 heres
873 1262 1031 1326 arbitrum
1055 1283 1140 1327 oom-

127 1351 219 1414 muni
248 1349 421 1414 dividundo
449 1350 594 1432 petierat.
639 1347 773 1414 Blaesus
802 1351 848 1414 ait
876 1350 1063 1416 Trebatium
1091 1373 1139 1414 re-

129 1437 307 1522 spondisse,
326 1439 354 1502 si
373 1439 494 1502 arbiter
508 1437 603 1502 oertis
618 1438 803 1520 regionibus
818 1438 954 1504 fundum
969 1440 1139 1520 divisisset,

128 1531 197 1591 eius
215 1527 334 1611 partis,
359 1548 440 1611 quae
463 1525 526 1590 tibi
550 1526 713 1612 optigerit,
736 1527 991 1592 usumfructum
1011 1529 1139 1594 mulieri

127 1616 219 1680 nulla
243 1638 281 1680 ex
305 1621 396 1699 parte
421 1615 539 1698 deberi,
562 1615 616 1678 sed
637 1615 704 1678 eius
725 1616 809 1698 quod
828 1615 939 1680 heredi
957 1617 1140 1702 optigisset,

127 1704 231 1770 totius
254 1725 348 1768 usum
371 1705 512 1768 fructum
536 1725 607 1766 eam
631 1703 827 1768 habiturum.¹

448 1895 451 1902 ·
483 1869 528 1924 De
546 1870 669 1926 libertate
685 1870 788 1925 relicto.
863 1937 865 1944 Ι

220 1980 270 2044 19.
303 1979 343 2044 D.
361 1979 420 2063 40,
440 1980 473 2060 7,
497 1979 552 2058 39,
571 1980 601 2045 4.
647 1979 819 2044 Iavolenus
847 1979 931 2044 libro
961 1983 1076 2064 quarto
1101 2003 1140 2045 ex

129 2068 364 2152 posterioribus
395 2067 554 2133 Labeonis
583 2067 631 2152 (P.
653 2065 742 2154 196).
793 2065 843 2132 ‘si
871 2067 1000 2133 Stichus
1028 2069 1141 2134 Attiae

98 2173 101 2178 ’
130 2157 221 2221 mille
247 2179 398 2221 nummos
423 2157 558 2240 dederit,
585 2158 668 2221 liber
691 2156 782 2222 esto'.
828 2157 920 2222 Attia
944 2158 1018 2222 vivo
1041 2163 1140 2225 testa·

128 2250 200 2311 tore
224 2245 372 2310 decessit:
399 2266 466 2310 non
489 2267 585 2330 posse
599 2244 755 2311 ¹Stichum
778 2245 915 2310 liberum
939 2269 1009 2311 esse
1032 2247 1139 2312 Labeo

129 2335 246 2400 Ofilius
268 2333 517 2419 responderunt3
547 2334 733 2416 Trebatius,
759 2336 786 2399 si
810 2339 884 2400 ante
911 2339 1139 2400 testamentum

128 2423 252 2488 factum
271 2424 364 2487 Attia
383 2423 582 2507 decessisset,
599 2423 698 2488 idem:
722 2423 750 2486 si
768 2428 890 2508 postea,
909 2446 983 2489 eum
1001 2426 1140 2490 liberum

127 2512 284 2577 futurum.

220 2618 271 2682 20.
305 2618 343 2682 D.
362 2619 418 2702 40,
437 2619 471 2702 7,
494 2618 551 2700 39,
569 2618 598 2682 2.
649 2616 821 2682 Iavolenus
853 2617 928 2684 ibid.
981 2617 1015 2682 Si
1047 2619 1139 2683 heres

130 2729 224 2773 servo
244 2706 413 2790 pecuniam
434 2709 473 2771 ad
487 2705 717 2790 negotiandum
732 2705 881 2790 dedisset,
900 2710 988 2771 statu
1003 2707 1140 2772 liberum

129 2817 202 2860 eam
239 2796 345 2880 ipsam
381 2795 577 2860 numerando
613 2795 744 2859 liberari
776 2816 815 2860 ex
846 2799 1041 2861 testamento
1073 2818 1141 2862 non

129 2906 225 2970 posse
244 2883 354 2950 Labeo
372 2883 543 2949 Trebatius
562 2883 803 2967 responderunt,
823 2885 898 2970 quia
916 2885 1048 2950 reddere
1068 2908 1140 2950 eam

129 2974 235 3058 magis
260 2996 356 3057 quam
380 2973 455 3038 dare
478 2973 649 3059 videretur.

272 3175 319 3233 De
342 3175 480 3234 bonorum
496 3177 676 3248 possessione
698 3177 854 3235 secuudum
877 3177 999 3236 tabulae.

220 3294 272 3358 21.
305 3292 370 3359 cic.
394 3293 435 3357 ad
458 3293 533 3359 fam.
554 3295 581 3376 7,
596 3293 649 3358 21.
685 3291 796 3362 Cicero
821 3293 984 3360 Trebatio.
1003 3331 1045 3340 -
1066 3291 1140 3358 Silii
1248 3296 1250 3300 ’

130 3403 261 3446 oausam
289 3385 321 3446 te
350 3382 453 3447 docui.
502 3382 530 3448 is
558 3385 672 3466 postea
699 3382 761 3446 fuit
788 3382 873 3466 apud
900 3405 960 3447 me.
1010 3405 1082 3448 oum
1111 3384 1151 3447 ei'

130 3470 278 3554 dicerem,
300 3471 361 3536 tibi
380 3470 481 3536 videri
500 3473 705 3554 sponsionem
723 3471 811 3534 illam
829 3493 889 3537 nos
909 3471 978 3536 sine
997 3472 1139 3556 periculo

130 3558 235 3624 faeere
278 3581 372 3644 posse
414 3557 458 3624 ‘si
498 3560 658 3624 bonorum
700 3559 862 3645 Turpiliae
902 3562 1141 3646 possessionem

183 3673 279 3722 Iurispr.
293 3674 410 3714 antehadr.
424 3674 473 3716 rell.
488 3674 523 3716 ed.
537 3675 637 3714 Bremer.
893 3671 927 3720 26
