2598 3910
375 179 377 183 ’
427 202 450 253 1.
474 153 824 253 eunranus'vnaus
872 241 874 245 .
1064 197 1127 261 301
1263 160 1266 164 ⁵

494 384 537 438 De
554 385 615 468 dote
632 385 758 454 relocata.

211 492 263 557 30.
291 489 331 556 D.
346 491 451 575 105,
469 492 498 556 8.
535 491 673 557 Alfenus
696 493 779 557 libro
802 493 899 558 tertio
922 491 1129 576 Digestorum
1148 539 1150 546 .
1211 513 1213 518 ’

123 603 143 644 0
170 579 271 644 Ρο010
302 580 553 665 epitomatorum
581 578 629 668 (P.
649 577 715 668 58).
761 579 821 646 Vir
847 580 1004 656 infundo
1028 579 1129 644 dotali
1204 635 1205 638 ,

122 669 234 734 uxoris
252 676 370 754 rogatu
389 669 543 735 olivetum
563 670 741 734 succiderat
759 670 799 735 ad
817 669 889 754 hoc,
911 675 948 734 ut
966 669 1129 734 novellum

122 761 304 842 reponeret.
353 761 467 842 postea
496 759 546 823 vir
573 761 718 824 mortuns
746 762 816 823 erat
842 766 874 822 et
900 758 993 823 uxori
1020 757 1131 822 dotem¹

122 847 334 931 relegaverat.
391 847 495 930 ligna,
532 869 613 932 quae
651 869 690 912 ex
722 847 841 913 oliveto
874 848 981 911 excisa
1013 849 1130 929 essent,

122 941 273 1020 oportere
296 935 423 1000 mulieri
446 935 535 999 reddi
558 936 732 1021 respondit.

211 1046 248 1105 cl.
272 1045 369 1106 Servii
391 1064 533 1121 responsa
556 1049 584 1108 9.

212 1157 265 1220 31.
293 1155 331 1220 D.
346 1156 399 1240 33,
412 1156 444 1241 4,
458 1157 478 1221 6
492 1178 540 1240 pr.
575 1155 684 1222 Labeo
708 1157 791 1222 libro
816 1158 953 1222 secundo
972 1156 1130 1242 posterio-

124 1267 196 1309 rum
220 1266 239 1308 a
257 1243 410 1309 Iavoleno
433 1245 684 1329 epitomatorum
703 1243 753 1331 (P.
768 1241 835 1332 82).
876 1243 958 1311 Cum
977 1244 1131 1329 scriptum

124 1335 225 1397 esset:
256 1332 349 1417 ‘quae
381 1333 517 1416 pecunia
549 1338 681 1418 propter
710 1356 840 1400 uxorem
872 1355 977 1398 meam
1009 1333 1050 1398 ad
1078 1354 1130 1398 me

124 1421 213 1485 venit
232 1423 476 1506 quinquaginta,
492 1422 682 1487 tantundem
700 1445 760 1506 pro
780 1445 817 1487 ea
836 1422 910 1487 dote
929 1421 1022 1486 heres
1041 1443 1129 1486 meus

125 1507 224 1594 dato',
259 1511 405 1593 quamvis
447 1511 661 1595 quadraginta
704 1511 789 1576 dotis
826 1511 979 1595 fuissent,
1020 1513 1131 1574 tamen

124 1597 360 1683 quinquaginta
388 1598 502 1664 debere
529 1598 665 1664 Alfenus
692 1597 799 1664 Varus
825 1598 970 1664 Serrium
999 1620 1131 1682 respon·

123 1687 210 1751 disse
233 1687 359 1771 scribit,
384 1687 459 1770 quia
481 1688 648 1772 proposita
671 1709 798 1752 summa
819 1687 1055 1773 quinquaginta
1078 1686 1131 1751 ad·

123 1775 207 1841 10010
230 1776 281 1841 011.
343 1823 347 1832 .

213 1887 249 1947 01.
272 1886 368 1947 Servii
391 1905 533 1963 responsa
559 1889 609 1946 10.

489 2066 532 2121 De
546 2067 655 2138 peculio
674 2069 769 2138 leqcto.

213 2175 265 2239 32.
301 2173 469 2256 D.33,8,
490 2176 540 2240 14.
590 2175 727 2241 Alfenus
760 2172 865 2239 Varus
899 2174 984 2239 libro
1017 2173 1132 2258 quinto

124 2261 334 2346 Digestorum
363 2261 410 2348 (P.
431 2264 497 2348 20).
544 2263 681 2340 Quidam
708 2265 744 2330 in
767 2267 961 2328 testamento
984 2261 1032 2326 ita
1056 2263 1132 2327 scri-

126 2353 249 2435 pserat:
276 2349 478 2434 ‘Pamphilus
509 2374 620 2418 servus
647 2375 738 2418 meus
761 2352 920 2436 peculium
943 2372 1037 2416 suum
1060 2373 1131 2416 cum

127 2439 249 2503 moriar
262 2439 324 2503 sibi
338 2440 458 2505 habeto
472 2440 616 2526 liberque
631 2439 722 2506 esto'.
752 2441 991 2524 consulebatur,
1005 2445 1132 2505 rectene

127 2526 296 2611 Pamphilo
310 2529 471 2612 peculium
488 2530 631 2612 legatum
645 2529 816 2612 videretur,
835 2528 918 2612 quod
932 2529 1021 2612 prius
1035 2549 1133 2612 quam

125 2616 207 2680 liber
226 2619 312 2681 esset
328 2615 487 2700 peculium
507 2617 570 2681 sibi
584 2616 704 2682 babere
718 2617 825 2682 iussus
840 2620 934 2682 esset
965 2615 1134 2700 respondit

126 2704 161 2769 in
189 2704 467 2770 coniunctionibus
496 2704 640 2770 ordinem
667 2706 791 2770 nullum
819 2727 888 2770 esse
916 2725 1019 2788 neque
1048 2705 1134 2789 quic-

128 2814 223 2876 quam
250 2793 420 2880 interesse,
447 2797 555 2859 utrum
584 2816 694 2860 eornm
722 2793 861 2878 primum
890 2793 1048 2859 diceretur
1077 2795 1133 2858 aut

127 2881 333 2946 scriberetur:
363 2905 461 2966 querc
487 2885 574 2948 recte
602 2882 764 2965 peculium
787 2883 931 2968 legatum
954 2881 1068 2967 videri,
1096 2901 1135 2946 ac

127 2971 155 3033 si
182 2971 273 3121 priqs
302 2969 386 3034 liber
413 2993 498 3058 esse,
524 2971 636 3036 deinde
659 2971 819 3056 peculium
843 2973 905 3037 sibi
926 2971 1047 3038 habere
1069 2973 1135 3037 ius·

126 3080 181 3122 sus
204 3080 238 3122 es
255 3105 262 3122 .

213 3170 251 3228 cf.
274 3167 372 3229 Servii
394 3189 536 3248 responsa
561 3175 610 3234 13.

215 3280 268 3344 33.
294 3277 335 3345 1).
354 3281 410 3364 33,
429 3281 536 3365 8,·15.
576 3279 667 3347 Idem
691 3280 857 3365 (Alfenus)
882 3282 966 3346 libro
996 3278 1136 3348 secundo

127 3367 335 3458 Digestorum
368 3391 388 3433 a
415 3367 516 3436 Paulo
550 3371 799 3455 epitomatorum
832 3367 885 3458 (P.
908 3367 980 3456 46).
1035 3367 1138 3435 Servo

126 3456 325 3522 manumisso
348 3459 508 3542 peculium
532 3459 676 3544 legatum
700 3462 782 3541 erat,
808 3460 871 3523 alio
895 3460 999 3542 capite
1023 3474 1138 3524 omncs

128 3545 261 3611 ancillas
285 3567 360 3612 suas
383 3548 476 3614 uxori
498 3546 674 3631 legaverat.
714 3548 747 3611 in
769 3546 893 3632 peculio
913 3545 998 3611 servi
1017 3545 1140 3614 ancilla

1206 3545 1292 3587 ,Al
