2588 3908
357 224 381 274 8.
409 218 562 275 SERVIUS
582 219 766 276 SULPICIUS
786 220 904 275 RUFUS
1076 217 1140 282 239

121 386 197 446 fecit
221 389 276 446 aut
298 387 448 446 homiuem
472 389 592 465 occidit3
625 389 674 448 hic
702 389 739 448 de
765 407 850 448 servo
878 388 931 464 qui
956 381 1139 448 ε161661616

121 470 259 551 publico'
283 479 356 535 erat.
393 477 591 554 magistratus
610 477 801 537 Larinatium
824 496 943 536 servum
967 477 1139 535 6161666666

122 565 157 622 in
174 583 292 623 crucem
311 565 396 643 affigi
414 565 535 626 iussisse
554 572 673 626 exsecta
691 567 795 644 lingua
809 565 911 624 Gicero
930 585 985 641 pro
1000 564 1138 624 Cluentio

124 646 167 734 (a.
188 646 329 734 688l66)
360 656 415 732 66,
440 657 503 714 187
533 656 635 714 tradit.
686 655 722 715 cf.
750 656 914 714 Mommsen
937 654 983 712 ΙΠ
1011 675 1039 729 p.
1064 656 1138 716 819.

123 760 282 802 servorum
304 743 515 820 fugitivorum,
546 764 673 820 quorum
697 745 788 803 etiam
812 743 934 803 Servius
956 743 1138 802 mentionem

122 831 196 890 facit
222 825 271 908 (D.
292 833 344 908 40,
366 835 392 904 7,
415 835 464 910 14,
485 827 532 911 1),
560 833 676 909 copiam
703 853 767 892 rem
794 833 946 910 publicam
974 831 1138 891 miserrime

122 918 318 995 perturbasse
349 923 454 980 notum
487 924 540 981 est.
596 922 632 982 de
664 921 840 998 quaestione
872 920 1005 979 familiae
1033 924 1139 997 postea

124 1008 299 1068 Scaevolam
323 1029 439 1086 quoque
463 1011 617 1087 scripsisse
640 1030 756 1072 moneo.
791 1010 929 1086 Krueger
946 1030 974 1086 p.
992 1013 1064 1069 197.
1101 1010 1138 1069 66

122 1097 170 1156 1616
209 1097 335 1174 61116666
371 1101 460 1159 rebus
498 1099 589 1158 661666
622 1100 760 1160 Servium
796 1099 951 1175 scripsisse
980 1099 1045 1160 veri
1077 1118 1137 1158 666

122 1185 269 1245 dissimile
290 1189 347 1264 1666.

214 1274 300 1344 Quod
323 1295 414 1351 supra
431 1297 460 1353 p.
478 1279 540 1336 113
560 1277 682 1352 conieci,
706 1277 844 1336 Servium
861 1277 991 1336 fortasse
1010 1276 1138 1353 Aquillii

123 1362 207 1422 Galli
229 1366 432 1440 praeceptoris
459 1384 603 1442 responsa
625 1365 706 1424 netis
730 1365 856 1425 adiectis
881 1366 1022 1443 edidisse,
1049 1367 1138 1442 plane

121 1453 154 1511 in
181 1452 297 1512 incerto
324 1453 553 1529 relinquendum
581 1457 640 1532 est3
671 1473 742 1512 nam
769 1454 907 1515 Servium
934 1455 1139 1530 praeceptoris

122 1542 243 1617 quidem
264 1542 427 1602 6666666166
447 1561 661 1619 nonnunquam
681 1543 858 1620 impugnare
878 1545 909 1601 et
927 1544 1038 1602 reicere
1055 1544 1137 1604 vide·

120 1650 189 1689 mus
220 1621 271 1711 (D.
296 1633 329 1707 8,
353 1633 387 1708 5,
413 1634 445 1704 6,
469 1635 503 1690 2:
536 1625 584 1690 ‘et
608 1630 713 1691 Gallus
741 1635 831 1706 putat
854 1676 919 1708 ...,
947 1633 1001 1690 sed
1023 1633 1138 1692 evaluit

123 1719 222 1780 Servii
242 1715 414 1797 sententia'3
437 1721 474 1779 D.
491 1723 542 1796 32,
558 1723 608 1798 29,
625 1723 657 1779 1:
682 1715 822 1790 ‘Quintus
841 1720 957 1778 Mucius
981 1723 1012 1780 66
1032 1719 1137 1780 Gallus

120 1809 274 1884 putabant
287 1809 447 1868 maximam
461 1813 579 1886 partem
593 1809 727 1886 legatam
746 1827 809 1868 esse
828 1854 867 1884 ..,
892 1807 1014 1870 Servius
1029 1807 1137 1868 Ofilius

120 1890 303 1973 minimam’3
339 1898 375 1958 D.
395 1900 451 1976 40,
473 1901 501 1976 7,
523 1901 562 1958 39
578 1919 636 1976 pn:
664 1893 751 1958 ‘eum
775 1945 804 1958 ..
829 1898 1043 1970 statuliberum
1072 1917 1136 1957 esse

121 1985 253 2056 Quintus
281 1986 411 2064 Mucius,
446 1986 551 2046 Gallus
581 2033 609 2047 ..
638 1991 760 2064 putant,
792 1987 913 2047 Servius
942 1985 1049 2046 Ofilius
1076 2008 1137 2046 non

98 2069 214 2152 ,esse'3
247 2074 283 2134 D.
302 2078 359 2152 43,
383 2078 435 2153 24,
460 2079 488 2154 7,
512 2078 546 2134 4:
575 2071 698 2136 ‘Gallus
722 2123 751 2138 ..
775 2077 896 2136 dubitat
919 2121 984 2151 ...,
1014 2076 1137 2136 Servius

120 2172 226 2224 autem
254 2156 336 2246 aiu),
365 2165 417 2224 sed
445 2166 575 2241 propriis
598 2167 684 2225 libris
709 2165 847 2226 Servium
869 2165 901 2224 id
924 2165 1029 2224 fecisse
1051 2166 1139 2224 66116

119 2254 230 2312 166666
252 2254 368 2313 6661666
393 2255 609 2329 comprobatur.
637 2285 675 2296 -

210 2341 379 2402 Mommsen
406 2335 452 2423 (Z.
475 2342 577 2403 6166.
595 2343 653 2420 ΙΧ,
675 2336 731 2424 12)
763 2363 823 2403 666
851 2343 925 2402 66616
954 2346 1041 2402 66666
1071 2343 1134 2402 666-

119 2431 170 2492 vio
199 2431 328 2508 Digesta
357 2431 497 2490 attribuit
524 2423 604 2513 („die
632 2431 779 2509 Digesten
808 2433 860 2491 des
889 2431 950 2491 Ser.
976 2432 1137 2508 Sulpicius,

121 2519 238 2597 Celsus,
263 2511 452 2600 Scaevola“):
481 2519 583 2580 Alfeni
606 2521 733 2598 Digesta
754 2521 786 2578 16
808 2523 908 2578 mente
931 2521 1035 2598 habet,
1059 2539 1137 2597 quae

121 2609 221 2669 Servii
254 2608 391 2685 inprimis
424 2627 567 2684 responsa
605 2609 796 2684 digesserunt
824 2604 857 2686 (1.
881 2627 905 2667 c.
933 2629 962 2684 p.
983 2611 1037 2668 93:
1070 2610 1135 2686 „die

120 2697 308 2768 Quastionen
317 2697 455 2756 Africana
470 2699 602 2775 gehdren
616 2697 766 2756 materiell
781 2699 889 2756 ebenso
906 2698 972 2756 dem
987 2697 1135 2768 Julianus,

119 2788 178 2846 wie
203 2787 251 2845 die
274 2786 419 2863 Digesten
442 2788 494 2845 des
518 2787 646 2845 Alfenus
669 2786 737 2844 dem
761 2777 926 2867 Servins“).
965 2786 1137 2862 6666666

119 2879 243 2951 praeter
266 2894 301 2934 66
324 2895 400 2951 6666
424 2893 516 2952 supra
537 2895 565 2950 p.
589 2878 650 2935 160
662 2895 704 2951 66.
729 2875 805 2952 dixi,
827 2875 907 2934 infra
929 2874 1135 2934 disserendum

120 2966 187 3024 erit.
214 2995 255 3006 -

212 3053 395 3130 Fragmenta
417 3073 494 3131 quae
513 3053 617 3113 adius
636 3054 791 3129 publicum
810 3054 971 3129 pertinent,
994 3055 1050 3112 hoc
1069 3053 1135 3112 loco

120 3143 269 3202 collocare
292 3141 391 3202 visum
416 3146 469 3202 est.

441 3295 488 3353 De
511 3296 621 3354 6616616
644 3296 817 3354 deducendo.

214 3404 241 3467 1.
275 3401 359 3468 Fest.
377 3426 405 3468 v.
423 3404 583 3488 posticam
602 3428 633 3488 p.
651 3406 726 3470 233.
772 3403 935 3467 Posticam
958 3403 1078 3466 lineam
1100 3403 1135 3464 in

123 3492 212 3576 agris
232 3490 410 3557 dividendis
430 3491 496 3556 Ser.
511 3492 671 3576 Sulpicius
696 3493 871 3578 appellavit
889 3493 930 3556 ab
951 3489 1135 3573 exori<ente

123 3581 191 3646 sole
215 3581 256 3645 ad
280 3602 427 3646 occasum
453 3583 682 3666 spectantem).
