2600 3908
140 187 181 251 76
218 187 264 244 IV.
287 187 432 244 SEPTIMI
447 175 545 244 SAEC.
558 187 656 243 IURIS
671 186 844 244 CONSULT.
860 185 984 242 saules
994 186 1144 242 ALTERA

139 351 228 416 etin
251 350 493 418 Acharistione:

280 465 402 532 Panem
426 471 459 532 et
481 469 660 552 polentam,
686 468 797 532 vinum
821 467 1005 531 murrinam.

140 589 329 657 Scaevolam
352 613 477 677 quoque
501 597 533 656 et
553 591 586 657 L.
607 592 735 657 Aelium
754 595 787 656 et
805 590 936 656 Ateium
955 588 1147 674 Capitonem

139 681 174 744 in
189 680 300 746 eadem
315 682 477 746 sententia
489 680 588 748 fuisse
598 681 701 763 video,
715 681 868 765 quoniam
878 679 910 744 in
922 677 1082 744 Pseudolo
1093 679 1149 744 sit:

300 795 404 873 ‘Quod
427 795 456 862 si
479 818 560 880 opus
584 801 648 875 est,
674 799 710 860 ut
733 795 976 880 dulcepromat
996 794 1148 880 indidem,

299 885 412 969 ecquid
436 883 573 950 habetl'
618 883 779 969 ‘Rogasl'
1147 891 1151 902 '

300 973 502 1057 Macrinam,
525 995 669 1058 pessum,
693 972 867 1056 defrutum,
890 969 998 1038 mella'
1011 1040 1015 1050 ,
1137 1025 1141 1032 ,

141 1099 258 1184 quibus
282 1103 431 1181 apparet,
457 1119 522 1162 non
545 1097 630 1163 inter
653 1097 732 1162 rina
754 1097 849 1162 modo
876 1097 1067 1182 murrinam,
1096 1097 1152 1162 sed

140 1187 227 1252 inter
250 1186 355 1252 dulcia
378 1208 504 1272 quoque
527 1187 739 1252 nominatum.

461 1395 516 1469 [De
533 1397 693 1468 supellectili
711 1395 830 1468 1111119]

233 1511 293 1571 11?
317 1513 364 1570 An
382 1511 419 1571 de
438 1511 621 1589 supellectili
638 1529 756 1588 quoque
769 1510 887 1571 Mucius
904 1510 1014 1570 dixerit
1028 1510 1153 1570 dubium

141 1610 199 1662 est:
236 1620 305 1660 nam
343 1619 419 1677 quae
456 1600 607 1677 Ulpianus
643 1600 721 1660 libro
757 1600 900 1661 vicesimo
937 1599 975 1658 ad
1008 1599 1153 1660 Sabinum

141 1691 177 1750 D.
193 1693 245 1768 34,
256 1693 285 1766 2,
297 1692 347 1766 19,
359 1691 377 1750 5
398 1690 435 1748 de
449 1689 632 1766 supellectili
646 1688 758 1765 scribit,
771 1707 832 1748 non
844 1689 946 1765 Mucii,
961 1687 1014 1748 sed
1028 1687 1152 1764 Ulpiani

141 1779 292 1840 sententia
309 1778 431 1840 videtur
446 1797 512 1838 esse
526 1772 613 1856 (111
627 1782 728 1836 tamen
743 1796 819 1854 quae
835 1777 1031 1852 supellectilis
1046 1769 1153 1859 sunt').

142 1869 202 1928 alio
225 1887 297 1930 vero
320 1868 387 1928 loco
409 1867 494 1926 nullo
517 1866 610 1926 Mucii
635 1866 754 1925 nomine
778 1867 814 1924 de
838 1866 1019 1941 supellectili
1042 1867 1153 1942 agitur.

143 1957 264 2017 Servius
284 1960 316 2016 et
329 1955 449 2015 Tubero
467 1955 685 2030 supellectilem
701 1954 822 2013 definire
836 1955 1022 2014 conabantur
1035 1951 1085 2035 (D.
1102 1957 1154 2032 33,

144 2039 302 2123 10,7,1)
333 2047 364 2104 et
391 2043 537 2116 definitio,
570 2061 662 2120 quam
689 2043 871 2118 Pomponius
898 2043 975 2102 libro
1003 2045 1086 2104 sexto
1114 2044 1153 2102 ad

143 2135 288 2193 Sabinum
309 2133 427 2209 profert
450 2123 708 2213 (1).33,10,1),
732 2130 836 2190 Sabini
858 2132 980 2192 videtur
1002 2151 1074 2192 esse.
1120 2136 1154 2192 at

143 2224 179 2281 de
203 2222 322 2299 argenti
345 2225 376 2280 11
399 2220 597 2296 supellectilis
625 2219 798 2281 notionibus
821 2223 909 2282 retus
933 2220 1056 2298 quidam
1078 2221 1154 2282 iuris

143 2311 298 2370 consultus
322 2309 437 2387 aliquid
457 2310 580 2388 statuit3
602 2328 670 2368 nam
690 2327 768 2384 quae
787 2328 824 2368 ex
842 2309 929 2368 Pauli
947 2309 1024 2370 libro
1044 2311 1153 2387 quarto

131 2401 181 2471 ‚ad
209 2399 355 2459 Sabinum
380 2399 413 2458 in
439 2399 565 2475 Digesta
593 2400 816 2476 33,10‚3,5
845 2402 966 2474 recepta
993 2402 1077 2471 sunt,
1109 2399 1155 2458 ita

143 2489 287 2548 mutilata
304 2491 384 2565 sunt,
402 2491 439 2547 nt
456 2487 614 2547 inter'alia
632 2487 707 2546 iuris
727 2487 857 2547 consulti
871 2486 1025 2546 cuiusdam
1041 2488 1154 2548 veteris

142 2597 252 2638 nomen
272 2576 413 2638 videatur
437 2576 590 2636 excidisse.
636 2576 814 2636 sententiam
839 2576 1003 2636 Mommsen
1024 2576 1070 2636 ita
1091 2577 1154 2636 lere

142 2667 265 2728 restitui
295 2684 383 2744 posse
414 2668 517 2742 putat:
550 2658 709 2725 ‘craterem
738 2667 915 2743 argenteum
942 2683 1003 2724 non
1031 2683 1095 2725 esse
1122 2665 1155 2725 in

144 2755 326 2832 supellectili
358 2773 411 2814 nec
438 2755 537 2813 ullum
564 2773 617 2814 vas
645 2758 823 2832 argenteum
850 2753 1015 2812 secundnm
1042 2754 1156 2814 saeculi

144 2845 336 2904 severitatem
362 2842 495 2902 nondum
523 2842 712 2920 admittentis
740 2842 956 2918 supellectilem
981 2846 1156 2920 argenteam

144 2932 207 2991 Sex.
228 2931 332 2991 Aeliae
354 2933 467 3003 1111111,
493 2933 543 2990 sed
565 2933 597 2989 11
621 2937 752 3005 carpento:
780 2933 866 2990 eliam
888 2930 976 2990 hodie
1075 2932 1101 2990 si
1123 2931 1156 2990 11

144 3022 268 3098 argento
291 3019 422 3078 relatum
445 3019 486 3078 sit
508 3018 720 3077 candelabrum
743 3022 929 3097 argenteum,
953 3019 1072 3097 argenti
1090 3037 1156 3080 esse

144 3103 283 3170 videtur'.
328 3107 403 3166 mihi
432 3107 515 3166 Sexti
539 3106 622 3166 Aelii
649 3107 714 3167 loco
742 3107 843 3183 potius
872 3107 905 3178 Q.
928 3107 1021 3167 Mucii
1047 3127 1157 3168 nomen

144 3196 363 3258 restituendum
378 3196 510 3272 videtur3
529 3213 599 3256 nam
612 3194 727 3270 Aelius,
747 3215 834 3274 quem
848 3196 1014 3256 Mommsen
1028 3199 1157 3274 exempli

145 3306 237 3347 causa
267 3287 439 3364 proposuit,
470 3284 538 3345 ideo
570 3303 631 3344 non
662 3285 775 3361 placet,
807 3285 887 3363 quod
914 3304 983 3346 eum
1014 3287 1156 3346 statuisse

145 3377 269 3456 ecimus,
301 3379 352 3436 111
385 3393 503 3452 quoque
536 3376 566 3432 et
596 3391 698 3435 cereos
725 3374 757 3432 in
784 3393 866 3451 penu
893 3392 971 3449 1111,
1004 3393 1080 3451 quas
1107 3394 1156 3434 res

146 3465 178 3537 Q.
203 3466 320 3526 Mucius
347 3465 466 3541 penoris
493 3481 554 3522 non
582 3481 646 3523 esse
674 3462 792 3523 statuit
836 3465 938 3539 itaque
966 3461 999 3533 Q.
1023 3462 1156 3523 Mucium

52 3570 73 3573 “
144 3558 254 3616 testem
276 3555 369 3616 fuisso
392 3553 472 3614 malo
496 3551 609 3612 saeculi
632 3553 810 3614 severitatis.
