2614 3914
157 149 224 215 344
254 151 325 207 VIII.
341 150 473 206 OCTAVI
488 150 693 207 sarcinula
708 150 879 208 CONSULP.
890 149 1014 206 SERIES
1029 151 1168 207 TERTIA

232 328 287 388 III.
316 329 365 388 De
388 327 643 388 iurisdictione
666 321 861 405 <aedilium
883 323 1093 408 curulium).

247 443 403 520 Pomponii
431 441 513 519 §44
540 444 633 504 rerba
659 446 727 518 post
751 437 798 502 ‘de
821 437 1037 503 iurisdictione'
1066 443 1169 503 deleta
1295 473 1297 518 5

158 524 266 616 (supra
288 554 317 609 p.
333 525 412 613 340)
436 551 472 592 oa
494 533 588 592 fuisse
610 535 684 608 puto
708 551 784 609 quae
806 533 838 590 in
860 531 930 592 libri
952 532 1042 592 titulo
1062 533 1167 593 adieci.
1296 539 1297 552 ¹

159 621 282 681 Ofilium
315 622 354 680 ad
385 621 529 681 aedilium
556 622 704 680 curulium
732 620 863 680 edictum
891 621 1046 698 scripsisse
1073 621 1169 682 Lenel

158 729 276 788 quoque
308 711 430 786 statuit,
462 710 514 769 sed
545 710 603 786 ita,
635 709 721 788 quasi
749 709 781 767 id
807 709 913 769 iisdem
940 710 1025 770 libris
1052 711 1170 788 fecerit,

108 805 110 808 '
160 817 235 877 quos
263 799 302 858 ad
328 799 477 875 praetoris
506 799 635 858 edictum
664 799 783 876 scripsit
808 791 871 874 (ad
898 798 996 864 edicta
1018 799 1169 874 praetoris

159 891 191 947 et
214 887 355 948 aedilium
379 881 561 966 curulium'),
585 887 665 964 quod
687 887 808 946 minime
831 887 953 964 probari
975 890 1082 964 potest.
1129 887 1169 948 ad

159 979 333 1052 praetorum
352 979 382 1036 et
401 977 439 1034 ad
458 977 599 1036 aedilium
617 976 767 1036 curulium
786 975 917 1036 edictum
934 977 984 1036 vel
997 976 1169 1052 principum

159 1065 346 1142 temporibus
376 1065 581 1124 iurisconsulti
608 1065 770 1141 separatim
797 1063 889 1124 libros
917 1064 1170 1141 conscripserunt,

65 1189 67 1197 ι
160 1173 204 1214 ox.
224 1173 268 1230 gr.
288 1153 325 1212 ad
349 1153 480 1213 edictum
498 1158 671 1229 praetorum
689 1153 790 1213 Labeo
809 1157 840 1212 et
858 1153 1008 1212 Masurius
1028 1152 1170 1232 Sabinus,

160 1240 200 1302 ad
223 1242 365 1301 aedilium
388 1243 537 1302 curulium
561 1243 691 1302 edictum
715 1241 834 1302 Coelius
853 1241 988 1301 Sabinus.
1017 1241 1172 1320 ,Krueger

159 1353 189 1408 p.
210 1333 272 1390 143
289 1349 332 1408 sq.
366 1333 438 1391 152.
464 1333 535 1392 156.
585 1351 623 1392 ne
651 1350 685 1390 ex
713 1330 859 1392 Hadriani
886 1330 1005 1408 quidem
1032 1333 1170 1407 tempore

161 1419 303 1480 aedilium
336 1420 485 1480 curulium
518 1420 650 1480 edictum
680 1419 824 1496 praetorii
854 1420 1072 1496 patefactum
1109 1422 1169 1480 est:

163 1506 256 1568 Gaius
274 1507 298 1586 I,
319 1511 336 1568 6
361 1501 472 1568 ‘edicta
494 1509 621 1570 duorum
640 1511 813 1585 praetorum
831 1507 939 1568 urbani
957 1509 988 1566 et
1005 1501 1170 1585 peregrini'

161 1600 192 1658 et
216 1590 324 1656 ‘edicta
347 1597 489 1656 aedilium
512 1590 674 1658 curulium'
697 1599 799 1673 aperte
819 1596 957 1674 seiungit.
997 1597 1170 1673 posteriori-

56 1761 57 1765 ,
161 1687 218 1746 bus
242 1688 322 1746 certe
344 1687 530 1763 temporibus
554 1687 593 1746 ad
615 1687 685 1746 bina
708 1685 807 1746 edicta
829 1685 919 1745 simul
939 1687 1172 1746 commentarios

162 1775 289 1852 scriptos
313 1793 376 1835 esse
399 1775 547 1836 traditum
570 1778 623 1835 cst.
668 1773 805 1852 Krueger
827 1793 854 1850 p.
871 1776 966 1851 86sq.

251 1862 357 1924 Ofilius
392 1863 506 1940 primus
539 1863 574 1922 da
606 1863 811 1923 iurisdictione
844 1863 986 1922 aedilium
1018 1862 1170 1922 curulium

161 1953 256 2012 libros
271 1953 446 2028 composuit.
470 1954 539 2028 post
553 1970 621 2010 eum
636 1951 672 2010 de
686 1951 835 2010 eademne
850 1952 1035 2026 scripserunt
1049 1949 1172 2012 Caelius

163 2040 291 2100 Sabinus
306 2033 354 2119 (P.
371 2035 479 2118 1-7),
493 2039 640 2100 Vivianus
655 2033 807 2118 (Krueger
820 2061 848 2116 p.
866 2042 942 2116 1583
957 2040 994 2099 cf.
1008 2039 1039 2098 P.
1052 2035 1171 2117 1417,

162 2129 215 2188 ubi
234 2129 272 2188 ad
291 2129 421 2188 edictum
439 2128 586 2204 praetoris
606 2131 636 2186 et
655 2128 692 2187 ad
712 2128 843 2188 edictum
861 2129 1003 2187 aedilium
1018 2128 1089 2187 libri
1103 2147 1173 2189 oon·

55 2219 58 2226 '
163 2218 223 2276 fusi
246 2209 340 2296 sunt),
364 2216 472 2276 Sextus
491 2216 601 2276 Pedius
623 2208 727 2296 (quern
746 2217 838 2276 Lenel
856 2235 950 2292 aeque
968 2211 1019 2275 ‘ad
1038 2217 1172 2276 edictum

163 2304 312 2381 praetoris
336 2307 366 2363 et
386 2305 527 2364 aedilium
545 2299 706 2364 curulium’
726 2305 879 2382 scripsisse
897 2309 987 2382 putat
1004 2305 1037 2365 P.
1053 2309 1174 2383 1-50,

163 2397 196 2452 at
225 2392 364 2470 Krueger
394 2413 423 2469 p.
445 2397 506 2452 172
540 2394 615 2454 duos
648 2394 876 2454 commentarios
908 2386 1044 2475 statuit),
1077 2392 1174 2454 Gaius

164 2474 211 2564 (P.
232 2484 415 2544 ara-388
453 2483 537 2544 libris
575 2485 613 2542 ad
649 2484 781 2544 edictum
815 2483 1000 2560 provinciale
1037 2478 1172 2563 additis),

162 2572 276 2631 Paulus
301 2565 347 2653 (P.
368 2573 542 2634 832-849
571 2573 674 2632 itidem
702 2573 787 2631 libris
811 2573 849 2630 ad
871 2571 1017 2646 praetoris
1041 2571 1174 2632 edictum

125 2692 128 2700 =
163 2654 298 2739 additis),
320 2660 468 2737 Ulpianus
488 2653 536 2744 (P.
553 2663 769 2722 1757-1797
792 2660 897 2720 itidem
919 2659 1004 2719 libris
1026 2661 1065 2719 ad
1085 2680 1175 2737 prae-

162 2750 237 2809 toris
260 2749 391 2808 edictum
414 2742 547 2832 additis).

253 2837 388 2896 (laelium
417 2837 559 2896 Sabinum
590 2842 620 2898 et
647 2838 810 2914 Ulpianum
839 2835 920 2897 Ofilii
950 2839 1174 2899 commentariis

57 2972 61 2982 .
163 2942 235 2984 usos
259 2943 322 2983 esse
346 2929 472 3000 apparet
495 2919 536 3007 (v.
559 2918 660 3008 infra).

482 3057 527 3114 Dc
545 3060 673 3114 tumentis
691 3061 850 3118 cadwala.

253 3155 375 3214 Aediles
404 3155 501 3215 aiunt:
532 3151 602 3226 ‘Qui
628 3155 763 3216 iumenta
789 3157 936 3229 vendunt,
962 3157 1063 3232 palam
1090 3161 1174 3218 recte

165 3244 299 3316 dicunto,
327 3243 400 3321 quid
426 3244 458 3303 in
486 3263 605 3323 quoque
632 3264 735 3304 eorum
762 3245 859 3305 morbi
885 3244 1012 3322 vitiique
1041 3245 1082 3304 sit
1105 3242 1176 3306 ...'

165 3333 298 3408 elogium
316 3333 387 3392 huic
405 3334 502 3394 edicto
522 3335 688 3394 subiectum
707 3337 760 3412 est,
783 3333 868 3394 cuius
886 3334 977 3394 verba
996 3334 1069 3393 haec
1087 3339 1173 3394 sunt:

46 3451 47 3454 ¹
85 3454 88 3460 Α
166 3415 261 3491 ‘Quae
285 3422 321 3482 de
340 3421 543 3483 iumentorum
566 3425 692 3484 sanitate
716 3423 852 3500 diximus,
875 3423 911 3482 de
934 3425 1031 3482 cetero
1053 3441 1175 3501 quoque

164 3529 270 3585 pecore
294 3511 374 3570 omni
396 3513 566 3573 venditores
588 3507 742 3572 faciunto'.
787 3511 822 3572 D.
839 3513 889 3586 21,
906 3513 933 3588 1,
949 3513 990 3572 38
1001 3530 1045 3587 pr.
1065 3509 1127 3587 55.
