2614 3914
470 194 495 242 2.
519 187 636 242 AULUS
656 188 796 242 OFILIUS
983 191 986 196 '
1073 187 1137 250 331

127 359 232 415 netum
253 373 316 414 esse
335 355 392 414 viri
407 353 488 415 docti
503 356 679 416 existimant
693 348 844 438 (Pernicet
862 356 961 415 Labeo
975 355 999 432 I,
1011 348 1076 436 11),
1095 356 1139 415 111

127 448 163 504 nt
177 443 274 503 Aulus
288 441 394 504 Ofilius
408 463 503 521 usque
518 445 556 503 ad
566 442 721 506 Octaviani
731 444 865 521 Augusti
878 447 1015 522 tempora
1028 445 1138 505 vixisse

4 553 7 560 ’
126 533 275 594 videatur.
299 539 300 544 ’
322 533 450 592 fortasse
477 533 557 593 inter
584 535 738 593 111-11111
765 533 928 610 prudentes
957 536 1035 610 erat,
1063 551 1138 610 quos

126 623 285 700 Angustus
300 640 477 682 convocasse
491 621 608 697 dicitur,
624 641 692 684 cum
707 623 744 681 de
759 622 965 682 codicillorum
976 641 1034 681 usu
1048 641 1137 699 quae-

126 715 216 770 reret.
251 709 325 770 Inst.
348 713 374 784 2,
391 713 485 786 2511,
522 710 704 788 Pomponius
729 709 806 786 §44
831 709 955 770 Ofilium
977 730 1044 770 cum
1064 710 1137 772 (las-

125 799 215 859 cellio
235 803 264 858 et
279 799 421 859 Trebatio
440 818 616 876 comparans
630 800 717 859 illum
732 802 860 876 utroque
876 800 1040 860 doctiorem
1055 800 1137 860 dicit.

215 977 274 1036 Res
292 979 401 1036 notatu
419 977 536 1054 dignae,
555 996 682 1054 quarum
694 978 727 1036 11
741 975 821 1036 Ofilii
834 977 1011 1054 fragmentis
1025 979 1137 1048 mentio

124 1065 169 1142 fit,
186 1066 242 1124 bae
256 1066 318 1124 iere
334 1068 417 1125 sunt:
431 1069 553 1142 pratum
567 1066 693 1126 adsidua
706 1066 882 1144 irrigatione
897 1067 1010 1125 factum
1025 1060 1074 1148 (D.
1086 1070 1138 1146 59,

126 1157 155 1232 3,
177 1157 205 1230 3,
225 1148 273 1234 2),
303 1154 420 1232 lignum
447 1159 586 1230 paratum
614 1155 653 1214 ad
681 1155 822 1214 carbones
849 1155 1018 1232 coquendas
1046 1159 1137 1234 atque

61 1307 64 1316 ,
124 1243 321 1303 conficiendas
350 1234 400 1324 (D.
421 1245 476 1321 32,
496 1245 550 1316 55,
572 1236 620 1324 7),
654 1263 748 1319 equus
781 1247 930 1303 castratus
963 1239 1012 1320 (D.
1034 1247 1138 1324 21,1,

126 1334 183 1409 38,
205 1325 253 1411 7),
277 1349 380 1392 servus
404 1332 542 1408 equitans
566 1324 617 1412 (D.
638 1335 671 1410 9,
691 1336 723 1408 2,
745 1334 778 1407 9,
798 1325 847 1412 3),
872 1333 1060 1393 vascularius
1084 1339 1138 1394 aut

124 1421 212 1480 faber
234 1421 422 1498 argentarius
447 1413 497 1501 (D.
518 1423 568 1500 34,
589 1424 617 1496 2,
637 1413 763 1503 3911),
787 1424 905 1480 acetum
928 1423 1137 1498 exstinguendi

62 1528 66 1536 ’
124 1509 205 1588 ignis
230 1528 320 1569 causa
341 1512 483 1585 paratum
505 1502 557 1586 (D.
576 1512 628 1586 33,
648 1513 677 1582 9,
696 1513 725 1584 3,
746 1504 789 1588 5),
811 1512 926 1568 nummi
949 1511 987 1570 ad
1005 1511 1137 1571 reficien-

125 1599 195 1658 dam
222 1617 330 1659 navem
357 1599 490 1658 mutuati
513 1592 562 1680 (D.
584 1601 638 1674 14,
659 1601 692 1676 1,
713 1603 744 1677 1,
765 1594 812 1677 9),
840 1599 961 1674 quidam
989 1600 1041 1675 qui
1068 1619 1137 1660 cum

124 1687 251 1763 pecunia
283 1687 441 1764 debeatur,
474 1707 541 1746 cum
574 1687 708 1747 debitore
740 1687 850 1747 decidit
879 1689 910 1746 11
936 1707 1044 1748 nomen
1072 1690 1136 1749 eius

123 1776 261 1835 vendidit
284 1775 351 1836 Seio
375 1771 425 1853 (D.
444 1777 495 1854 44,
515 1779 545 1852 4,
564 1779 594 1852 4,
615 1767 662 1857 6),
685 1777 795 1836 mulier
818 1795 893 1852 quae
916 1776 1039 1838 divortii
1060 1779 1136 1836 tem-

124 1883 198 1940 pore
225 1883 272 1924 res
297 1865 460 1924 comederit
483 1865 649 1925 vendiderit
672 1865 837 1926 donaverit
851 1857 901 1946 (D.
923 1867 973 1939 25,
994 1868 1022 1943 2,
1043 1869 1071 1941 3,
1093 1859 1136 1948 3),

124 1954 249 2012 libertas
274 1953 353 2032 data,
381 1948 510 2031 ‘quando
534 1972 582 2014 res
606 1955 736 2014 alienum
759 1973 860 2014 meum
883 1954 1017 2014 solutum
1040 1957 1140 2014 credi·

124 2042 280 2102 toribnsve
303 2043 377 2102 meis
401 2043 591 2103 satisfactum
614 2038 684 2103 erit'
708 2035 758 2124 (D.
778 2045 830 2120 40,
851 2045 878 2119 7,
898 2045 950 2116 39,
971 2034 1013 2122 1).

214 2131 279 2191 Hoc
301 2132 366 2192 loco
388 2132 548 2207 epistulam
567 2131 718 2192 Ciceronis
738 2132 775 2190 ad
793 2132 929 2191 Atticum
948 2124 1016 2211 (13,
1032 2135 1083 2211 37,
1098 2126 1134 2213 4)

124 2219 338 2280 transscribere
358 2221 497 2280 idoneum
516 2223 575 2298 est3
593 2239 666 2280 nam
684 2221 721 2280 de
739 2221 859 2299 negotio
878 2221 1008 2298 quodam
1021 2225 1134 2299 narrat,

124 2309 206 2385 quod
223 2328 284 2368 una
302 2327 371 2368 cum
385 2310 419 2368 L.
434 2308 571 2370 Cornelio
584 2310 680 2369 Balbo
696 2309 845 2370 Gaditano
860 2312 892 2368 et
906 2309 980 2369 Gaio
994 2310 1134 2371 Vestorio

124 2397 296 2473 argentario
323 2397 489 2459 Puteolano
516 2397 615 2457 Aulus
635 2397 747 2480 *Ofilius
775 2401 806 2458 et
829 2398 931 2458 Cicero
961 2402 1132 2479 1.709)45

123 2485 305 2546 tractabant.
627 2551 629 2554 .

214 2573 317 2634 Cicero
335 2574 438 2634 Attico
458 2594 542 2634 1.-
560 2574 606 2633 De
624 2574 853 2652 gladiatoribus,
874 2574 910 2632 de
930 2575 1038 2634 ceteris
1058 2595 1134 2653 qnae
1177 2633 1182 2642 ,

124 2663 231 2726 scribis
254 2660 473 2744 ἀνεμοφόρητα,
496 2664 588 2723 facies
609 2683 656 2723 me
676 2663 810 2740 quotidie
829 2663 993 2722 certiorem.
1034 2663 1148 2742 velim„

82 2784 84 2790 ·
125 2753 151 2812 si
178 2752 235 2811 tibi
262 2753 396 2829 ridetur,
424 2753 557 2830 appelles
580 2751 711 2811 Balbum
736 2753 767 2810 et
790 2749 913 2811 Ofilium
936 2751 972 2811 de
995 2753 1135 2814 auctione

123 2841 345 2918 prescribenda.
382 2842 521 2919 equidem
539 2843 658 2901 locutus
677 2859 744 2901 sum
763 2859 830 2900 cum
849 2840 955 2900 Balbo.
988 2842 1136 2917 placebat.

123 2933 198 3007 puto
226 2930 396 3006 conscripta
419 2931 528 2990 habore
552 2928 674 2990 Ofilium
697 2929 809 3006 omnia,
836 2930 929 2990 habet
952 2933 983 2990 11
1006 2931 1135 3009 Balbus,

4 3025 5 3090 ζ
124 3019 178 3080 sed
196 3019 292 3078 Balbo
311 3018 458 3096 placebat,
476 3020 677 3097 propinquum
696 3019 775 3078 diem
794 3022 825 3079 et
840 3020 966 3097 Romae3
985 3020 1011 3078 si
1025 3019 1136 3080 ansar

4 3139 5 3164 .
123 3111 308 3186 moraretur,
340 3126 427 3183 posse
460 3109 538 3168 diem
571 3108 692 3168 differri.
742 3109 794 3168 sed
825 3109 851 3168 is
884 3109 1004 3184 quidem
1032 3109 1136 3169 adesse

4 3235 5 3240 κ
123 3197 254 3257 videtur.
291 3199 390 3256 totum
412 3197 507 3274 igitur
525 3197 687 3258 considera.
723 3199 824 3273 placet
845 3198 924 3256 enim
942 3197 1089 3256 Vestorio.

214 3285 259 3344 De
280 3288 382 3344 tutore
400 3286 453 3361 qui
473 3305 508 3346 ex
525 3286 635 3362 pupilli
654 3285 791 3345 auctione
809 3305 874 3344 rem
893 3286 974 3360 emit,
998 3285 1136 3344 Servium

124 3375 234 3434 dixisse
254 3393 346 3450 supra
363 3394 392 3450 p.
409 3376 470 3433 191
488 3365 538 3455 (fr.
550 3374 605 3448 77)
618 3375 757 3434 vidimus.
786 3374 821 3433 cf.
837 3374 965 3450 apochas
980 3373 1135 3449 Pompeia·

123 3482 178 3528 nas
201 3465 233 3522 in
251 3463 374 3522 Brunsii
396 3464 470 3522 font.
489 3483 516 3538 p.
533 3465 605 3523 315.
622 3465 685 3522 318
708 3465 739 3522 11
758 3462 822 3522 Gai.
838 3465 868 3538 4,
885 3464 961 3522 126:
985 3461 1011 3521 si
1030 3480 1133 3540 argen-

123 3553 220 3613 tarius
239 3551 372 3628 pretium
390 3552 528 3628 reiquae
546 3554 578 3612 in
597 3552 768 3612 auctionem
785 3551 910 3630 venerit,
927 3555 1136 3630 persequatur,
