2588 3908
177 225 239 290 198
277 226 323 281 Vl.
346 225 481 280 OCTAVI
499 225 596 280 sanc.
616 225 713 280 IURIS
733 223 907 280 GONSULT.
923 223 1049 279 saulus
1069 225 1185 280 PRIMA
1284 171 1285 190 ¹

175 390 252 474 quin
272 390 299 453 si
319 388 480 473 defecerit,
504 388 599 452 durat
617 389 706 472 prior
725 389 892 474 obligatio.
935 387 988 452 sed
1007 388 1185 472 videamur,

173 501 252 542 num
274 479 302 542 is
327 477 382 561 qui
405 500 442 544 eo
465 478 596 543 nomine
620 482 706 562 agat,
730 477 797 542 doli
821 477 899 541 mali
923 481 979 541 aut
1001 477 1090 562 pacti
1110 500 1185 542 con·

173 567 261 632 venti
285 567 473 652 exceptione
496 567 601 650 possit
624 565 828 650 summoveri,
851 567 926 650 quia
947 565 1076 630 videtur
1099 567 1185 632 inter

175 677 229 720 eos
252 655 285 720 id
309 661 430 741 actum,
459 661 494 719 ut
517 657 564 720 ita
592 678 630 720 ea
652 676 703 719 res
732 659 907 738 peteretur,
936 653 962 718 si
991 657 1184 738 posterioris

174 743 393 829 stipulationis
422 745 581 809 exstiterit
609 743 764 808 condicio.
813 741 941 808 Servius
966 793 994 808 ..
1020 741 1183 828 Sulpicius

114 889 115 900 .
175 833 381 916 existimavit,
405 832 517 897 statim
541 838 573 896 et
595 833 755 916 pendente
774 831 960 897 condicione
980 835 1186 898 novationem

173 921 259 1004 fieri,
293 925 325 986 et
357 923 385 984 si
412 921 563 986 defecerit
595 921 754 1003 condicio,
788 943 826 984 ex
852 924 968 984 neutra
1000 942 1100 986 eausa
1129 924 1185 1007 agi

172 1031 268 1093 posse
292 1010 368 1094 <et>
392 1032 429 1074 eo
453 1009 549 1075 modo
572 1032 641 1074 ram
665 1010 777 1093 perire.
819 1009 874 1093 qui
897 1015 1131 1094 consequenter
1151 1017 1185 1075 et

172 1099 252 1163 illud
283 1099 465 1184 respondit,
498 1099 526 1162 si
558 1100 629 1182 quis
662 1100 692 1162 id
726 1097 811 1182 quod
844 1097 905 1162 sibi
933 1095 1049 1162 Lucius
1078 1097 1185 1164 Titius

173 1187 316 1270 deberet,
339 1210 358 1252 a
382 1209 473 1252 servo
497 1187 596 1252 fuerit
620 1187 808 1272 stipulatus,
830 1187 1032 1252 novationem
1056 1189 1126 1252 fieri
1150 1193 1184 1253 et

172 1298 240 1340 rem
263 1277 381 1360 perire,
404 1273 480 1360 quia
503 1299 576 1341 cum
600 1295 692 1342 servo
717 1276 770 1361 agi
788 1297 854 1340 non
876 1279 996 1358 posset.

259 1388 303 1447 De
326 1407 359 1447 re
383 1389 420 1447 cf.
439 1385 579 1449 Karlowa
596 1387 636 1467 Π,
656 1389 729 1448 742.

562 1549 609 1608 De
633 1550 790 1608 solertiam?

260 1659 311 1724 99.
344 1657 383 1724 D.
402 1659 460 1744 46,
479 1659 513 1740 3,
532 1657 584 1724 67.
625 1658 795 1723 Marcellus
824 1659 908 1722 libro
935 1657 1182 1724 tertiodecimo

170 1745 381 1832 Digestorum
401 1743 449 1834 (P.
466 1746 555 1834 157).
587 1745 711 1832 Siquis
732 1747 813 1812 duos
832 1746 980 1812 homines
996 1747 1184 1830 promiserit

108 1834 113 1844 “
172 1839 205 1900 et
228 1835 374 1902 Stichum
399 1837 541 1917 solverit,
566 1837 686 1919 poterit
709 1836 852 1900 eiusdem
877 1831 980 1902 Stichi
1004 1836 1182 1900 dominium

170 1929 284 2008 postea
317 1928 508 1990 consecutus
536 1923 669 2007 <rursus
699 1924 794 2009 eum>
823 1924 926 1989 dando
955 1925 1094 1989 liberari.
1146 1925 1183 1989 in

170 2015 311 2078 nummis
336 2015 442 2077 minor
465 2013 515 2076 vel
538 2033 639 2096 prope
662 2013 753 2077 nulla
776 2013 935 2077 dubitatio
959 2019 1022 2079 est:
1049 2035 1126 2078 nam
1150 2017 1182 2078 et

170 2101 256 2184 apud
276 2102 428 2164 Alfenum
449 2098 580 2165 Servius
605 2123 686 2185 curn,
710 2102 764 2184 qui
788 2103 895 2166 minus
919 2125 938 2166 a
959 2099 1103 2166 debitore
1123 2123 1181 2167 suo

171 2191 314 2271 accipere
333 2194 366 2253 et
379 2189 518 2272 liberare
537 2211 608 2253 eum
629 2189 735 2273 vallet,
753 2191 920 2274 respondit
938 2211 1037 2276 possa
1054 2192 1180 2275 saepius

170 2277 295 2364 aliquot
320 2299 470 2342 nummos
499 2277 683 2361 accipiendo
717 2280 760 2344 ab
787 2301 829 2344 eo·
848 2281 940 2364 eique
963 2285 1055 2344 retro*
1074 2280 1180 2344 dando

171 2387 207 2430 ao
226 2385 336 2430 rursus
356 2365 546 2450 accipiendo·
559 2368 592 2431 id
610 2366 768 2450 efficere[:·
782 2369 890 2452 veluti,
909 2369 937 2432 si
952 2373 1078 2433 centurn
1095 2369 1181 2433 debi-

169 2459 275 2519 torem
298 2455 407 2520 deoam
431 2457 570 2540 acceptia
593 2456 730 2522 liberare
754 2457 892 2522 creditor
915 2458 1007 2540 velit,
1034 2462 1083 2540 ut,
1107 2479 1179 2523 eum

169 2544 278 2608 decem
302 2545 473 2630 acceperit,
502 2546 613 2610 eadem
640 2567 678 2611 eo
701 2549 788 2612 retro
816 2545 944 2631 reddat,
969 2568 1045 2612 mox
1072 2545 1115 2611 ab
1143 2567 1181 2610 eo

169 2633 308 2717 accipiat
332 2657 370 2699 ac
391 2635 566 2700 novissime
590 2635 752 2718 retineat}

257 2745 350 2806 Lenel
378 2737 424 2824 (P.
448 2741 526 2828 157)
554 2747 590 2806 de
617 2747 717 2825 legato
745 2765 799 2822 per
826 2745 1047 2806 damnationem
1074 2747 1181 2806 relicto

169 2851 335 2892 sermonem
358 2853 422 2894 ease
447 2836 598 2894 subtiliter
620 2835 738 2896 conicit.

527 2995 574 3053 De
599 2997 818 3068 macana.

531 3102 576 3156 De
592 3102 681 3168 frando
698 3102 814 3156 aenean

261 3199 346 3264 100?
379 3199 417 3265 D.
437 3201 489 3282 21,
507 3201 539 3284 2,
556 3200 607 3266 45.
654 3200 742 3264 Idem
766 3199 1040 3287 (Alfenus)l1bro
1064 3206 1183 3286 quarto

169 3288 377 3373 Digestorum
402 3312 421 3353 a
444 3289 543 3354 Paulo
568 3291 818 3374 epitomatorum
842 3288 892 3376 (P.
913 3287 979 3378 63).
1022 3290 1084 3367 Qui
1106 3290 1181 3355 fun-

171 3377 246 3442 dum
274 3380 428 3462 mancino
456 3377 772 3466 dederatliugerum
801 3384 942 3464 centum,
970 3379 1051 3444 fines
1077 3381 1179 3444 multo

170 3468 309 3550 amplius
351 3468 491 3551 emptori
532 3468 816 3534 demonstraverat
874 3468 903 3532 si
939 3468 1015 3552 quid
1052 3489 1092 3532 ex
1128 3467 1179 3532 his

242 3603 255 3649 1
283 3596 407 3653 Tritona
426 3598 543 3652 fundum
561 3597 764 3653 tradiderat.
