2588 3908
181 169 246 233 174
282 169 328 225 VI.
353 167 487 225 OCTAVI
506 169 604 227 SAEO.
622 169 717 226 IURIS
736 171 908 228 consum.
927 172 1053 228 snmus
1072 174 1185 228 PRIMA

178 355 259 417 cam,
289 333 317 396 si
340 332 436 398 modo
460 333 698 423 aliquoofficio
722 336 825 398 virum
845 335 984 414 adiuvet,
1007 337 1086 402 item
1108 337 1186 402 lani-

178 422 257 488 ficas
285 444 366 507 quae
393 422 553 490 familiam
581 423 736 488 rusticam
763 425 920 510 vestiunt,
948 430 981 490 et
1009 447 1090 510 quae
1118 428 1185 510 pul-

177 512 337 576 mentaria
360 513 489 578 rusticis
514 515 663 596 coquant.

266 599 328 666 sed
356 623 399 665 an
426 601 635 666 instrumenti
657 602 907 667 instrumentum
932 602 1042 686 legato
1066 604 1186 668 instru-

176 695 287 756 mento
303 691 497 774 continetur,
511 689 686 773 quaeritur:
700 689 780 755 hseo
790 691 885 772 enim,
898 713 979 776 quae
989 693 1184 758 rusticorum

176 801 273 844 causa
287 783 444 864 parantur
457 778 615 859 [lanificae
631 781 664 842 et
677 779 772 842 lanae
787 783 819 843 et
833 784 981 845 tonsores
995 785 1029 844 et
1044 781 1184 847 fullones

177 872 209 932 et
231 869 397 952 focariael,
419 888 485 932 non
508 867 579 951 agri
602 870 678 931 sunt
700 866 960 950 instrumentum,
989 869 1044 934 sed
1069 870 1186 935 instru-

175 959 286 1022 menti.
331 963 411 1041 puto
437 956 537 1040 igitur
565 955 663 1020 etiam
690 955 844 1021 focariam
872 958 1045 1022 contineri:
1074 959 1186 1024 sedet

175 1045 321 1112 lanificas
345 1049 379 1109 et
401 1048 539 1128 ceteros,
567 1045 622 1128 qui
646 1067 743 1129 supra
766 1047 946 1110 enumerati
970 1051 1059 1111 sunt:
1083 1048 1184 1112 etita

175 1130 321 1200 Servium
344 1133 549 1217 respondisse
573 1133 734 1198 auditores
758 1135 826 1198 eius
850 1135 1003 1199 referunt.

262 1225 316 1288 21.
347 1221 387 1288 D.
405 1221 525 1305 50,16,
543 1224 594 1288 77.
634 1220 726 1286 idem
748 1219 900 1310 (Paulus)
923 1223 1008 1290 libro
1031 1227 1184 1308 quinquu-

66 1310 69 1316 '
174 1313 319 1396 gensimo
346 1333 432 1376 nono
460 1311 501 1376 ad
529 1311 668 1377 edictum
695 1309 745 1398 (P.
770 1309 858 1398 715).
904 1312 1097 1378 ‘Fructumfl
1123 1337 1182 1400 pro

172 1400 279 1464 reditu
307 1400 477 1485 appellari,
508 1422 574 1466 non
602 1401 706 1465 solum
734 1400 812 1485 <qui
840 1401 900 1485 ex>
926 1401 1099 1467 frumentis
1127 1409 1183 1468 aut

173 1489 391 1574 leguminibus
415 1539 466 1572 ...
489 1488 635 1554 Iulianus
659 1489 779 1554 scribit.
816 1489 924 1574 fruges
951 1512 1063 1556 omnes
1087 1492 1182 1576 (res)

173 1600 242 1642 esse
265 1579 381 1663 quibus
405 1579 503 1643 homo
527 1581 689 1660 vescatur,
715 1578 835 1643 falsum
860 1600 929 1643 esse
1028 1579 1182 1645 ‘frumen-

171 1665 253 1731 tum'
274 1671 382 1734 autem
400 1667 433 1732 id
453 1689 532 1752 esse,
550 1667 635 1753 quod
650 1667 749 1731 arista
764 1689 799 1731 se
813 1671 930 1749 teneat,
948 1672 1034 1732 recte
1050 1667 1181 1734 Gallum

172 1755 337 1842 definisse,
351 1757 497 1841 lupinum
511 1779 588 1822 vero
603 1759 636 1820 et
649 1755 759 1820 fabam
774 1755 883 1841 fruges
897 1757 1006 1840 potins
1019 1757 1090 1841 dici,
1107 1759 1182 1843 quia

170 1866 237 1909 non
260 1847 371 1929 arista,
395 1845 451 1910 scd
470 1846 589 1929 siliqua
607 1845 820 1927 continentur,
844 1867 926 1930 quae
945 1843 1075 1911 Servius
1096 1847 1181 1932 apud

170 1932 326 1999 Alienum
348 1936 383 1999 in
405 1935 569 1998 frumento
593 1931 750 1997 contineri
772 1936 876 2016 putat.

258 2025 311 2088 22.
343 2023 382 2086 D.
403 2023 459 2103 33,
480 2023 509 2104 7,
530 2022 572 2086 12
585 2043 634 2104 pr.
670 2019 831 2105 Ulpianus
854 2023 938 2087 libro
962 2022 1116 2088 vicesimo
1140 2025 1181 2089 ad

170 2107 326 2174 Sabinum
355 2108 405 2194 (P.
425 2107 535 2196 2609).
587 2109 775 2186 Quaesitum
806 2113 869 2190 est,
902 2133 943 2175 an
972 2111 1181 2198 frumentum,

170 2198 256 2282 quod
288 2199 418 2262 cibariis
451 2199 611 2263 cultorum
643 2203 793 2282 paratum
825 2199 923 2282 foret,
960 2200 1179 2268 instrumento

169 2291 296 2351 cederet
314 2336 321 2352 .
336 2335 364 2351 ..
385 2308 446 2372 ego
465 2290 545 2370 puto
565 2291 598 2352 et
614 2287 812 2352 frumentum
828 2296 860 2352 et
873 2289 985 2354 vinum
1001 2290 1042 2354 ad
1057 2291 1180 2355 cibaria

108 2375 110 2378 ’
168 2379 319 2458 paratum
339 2377 554 2442 instrumento
574 2377 746 2441 contineri:
771 2381 803 2441 et
821 2378 868 2442 ita
883 2375 1029 2443 Servium
1048 2400 1180 2464 respon·

169 2464 255 2528 disse
280 2465 443 2530 auditores
467 2466 535 2530 eius
558 2465 711 2532 referunt.

454 2605 498 2661 Dc
515 2607 600 2676 fundi
617 2606 779 2674 ususfructu
798 2607 892 2676 lepcto.

255 2699 320 2764 23?
350 2697 389 2762 D.
409 2698 465 2782 33,
484 2699 517 2777 2,
542 2698 593 2763 12.
635 2697 772 2763 Alfenus
796 2697 904 2764 Varus
928 2698 1012 2762 libro
1036 2699 1179 2764 secundo

166 2785 376 2870 Digestorum
401 2810 419 2852 a
442 2787 545 2852 Paulo
569 2788 820 2872 epitomatorum
844 2785 893 2874 (P.
907 2787 973 2872 40).
1013 2786 1117 2852 Heres
1141 2787 1178 2851 in

166 2873 274 2960 fundo,
289 2876 379 2940 cuius
394 2897 471 2940 usus
486 2876 609 2940 fructus
624 2876 753 2961 legatus
769 2880 827 2961 est,
840 2877 951 2941 villam
966 2876 1087 2960 posuit:
1104 2898 1177 2940 eam

165 2961 268 3028 invito
301 2963 481 3028 fructuario
514 2964 668 3028 demolire
694 2986 760 3028 non
788 2969 898 3048 potest
926 2965 1042 3048 [nihilo
1070 2965 1177 3049 magis

164 3072 262 3135 quam
281 3052 318 3132 si,
337 3073 433 3136 quem
453 3053 602 3116 arborem
622 3053 793 3136 posuisset,
813 3074 852 3116 ex
871 3053 971 3118 fundo
990 3055 1018 3118 is
1037 3053 1177 3118 evellere

165 3139 292 3221 vellet]:
325 3141 381 3205 sed
414 3139 442 3205 si
475 3150 648 3224 antequam
676 3141 934 3207 usufructuarius
963 3142 1178 3227 prohibuerit,
1279 3207 1280 3234 3

165 3228 357 3314 demolierit,
380 3230 510 3314 impune
534 3229 704 3295 facturum.

251 3340 363 3402 Utrum
381 3339 479 3401 Servii
498 3359 536 3399 an
550 3339 654 3399 Alfeni
672 3358 850 3416 responsum
875 3341 984 3420 subsit,
1006 3341 1038 3400 in
1061 3341 1178 3402 incerto

161 3430 352 3507 relinquitur.

233 3551 246 3598 1
268 3547 303 3602 F.
323 3546 443 3617 frugem.
