2600 3908
202 188 266 250 144
305 189 348 243 VI.
374 189 508 244 OCTAVI
528 188 626 244 SAEO.
644 190 741 245 IURIS
762 167 932 245 consuti.
949 188 1073 243 stains
1093 191 1216 244 PRIMA

199 376 256 433 que
275 359 364 416 rebus
383 359 506 417 honeste
526 377 559 416 ac
579 378 631 433 pro
651 361 705 416 tua
724 359 870 436 dignitate
885 358 1008 436 poteris,
1027 357 1141 418 iuveris
1159 353 1216 418 ‚..'

198 440 284 528 (ibid.
307 449 356 524 13,
372 439 437 528 22),

289 529 332 594 ‘L
358 536 500 613 Cossinio,
524 536 619 596 amieo
644 539 674 594 et
697 535 802 594 tribuli
826 555 889 612 suo,
913 536 1000 594 valde
1020 535 1219 594 familiariter

199 628 269 684 utor
385 629 451 684 tota
478 625 605 684 Cossinii
637 625 743 683 domus
776 645 822 683 me
855 625 955 702 diligit
987 625 1018 682 in
1046 625 1216 702 primisque

199 715 326 773 libertus
348 715 420 791 eius,
444 715 477 772 L.
498 713 650 773 Cossinius
669 713 843 789 Anchialus,
867 714 955 773 homo
979 716 1010 772 et
1028 716 1157 788 patrono
1183 717 1215 772 et

198 804 319 878 patroni
337 803 521 880 necessariis,
541 821 600 880 quo
619 803 650 860 in
664 821 789 861 numero
804 821 859 879 ego
875 821 950 878 sum,
968 802 1215 878 probatissimus.

199 894 278 951 hunc
306 892 362 950 tibi
390 892 434 949 ita
463 891 649 968 commendo,
681 894 716 949 ut
744 891 770 950 si
797 911 880 950 meus
909 891 1036 950 libertus
1065 894 1147 950 esset
1172 886 1214 950 ..’
1287 955 1288 960 χ

198 973 283 1061 (ibid.
306 983 355 1058 13,
372 973 436 1060 23).

288 1065 508 1147 ‘Hagesaretus
535 1069 707 1146 Larisaeus,
735 1069 852 1146 maguis
880 1069 953 1128 meis
981 1068 1135 1128 benefieiis
1165 1090 1213 1129 or·
1287 1063 1288 1068 ¹

198 1161 287 1218 uatus
311 1160 342 1216 in
366 1158 524 1217 consulatu
543 1177 622 1236 meo,
655 1177 769 1216 memor
796 1161 826 1216 et
854 1162 959 1235 gratus
983 1158 1041 1216 fuit
1142 1178 1214 1217 eum
1287 1147 1288 1212 ἶ

198 1249 255 1306 tibi
282 1267 392 1322 magno
421 1265 509 1322 opere
539 1247 725 1324 commendo,
753 1249 787 1304 ut
816 1249 846 1304 et
874 1247 1022 1322 hospitem
1050 1266 1154 1305 meum
1182 1251 1213 1307 et
1287 1263 1288 1266 ’

197 1337 377 1395 familiarem
401 1346 429 1394 A.
447 1330 465 1394 .'
491 1331 574 1412 (ibid.
597 1338 647 1413 13,
664 1327 729 1417 25).
1286 1341 1288 1404 l

287 1420 332 1484 ‘L.
346 1425 506 1484 Mescinius
531 1445 566 1484 ea
583 1445 700 1484 mecum
717 1424 936 1484 necessitudine
956 1425 1134 1484 coniunctus
1155 1431 1210 1504 est,
1286 1415 1288 1448 ¹

198 1515 278 1592 quod
300 1515 375 1572 mihi
398 1518 539 1592 quaestor
561 1515 621 1572 fuit
703 1519 773 1590 peto
796 1514 891 1591 igitur
914 1533 932 1572 a
954 1517 995 1591 te,
1019 1518 1126 1574 ...ut
1146 1516 1228 1602 eiusx

196 1604 331 1680 negotia,
365 1623 440 1681 quae
474 1606 544 1662 sunt
577 1604 609 1661 in
640 1603 767 1675 Achaia,
801 1622 837 1660 ex
869 1622 903 1661 eo
936 1603 1015 1678 quod
1047 1605 1133 1662 heres
1163 1607 1209 1664 est

195 1693 234 1751 M.
254 1693 368 1752 Mindio
389 1693 478 1752 fratri
498 1711 560 1769 suo,
584 1692 636 1768 qui
655 1692 740 1750 Elide
759 1692 932 1768 negotiatus
952 1694 1005 1767 est,
1030 1693 1160 1767 explices
1180 1696 1209 1752 et

196 1783 335 1858 expedias
359 1803 426 1841 cum
449 1782 514 1840 iure
543 1784 573 1839 et
596 1782 745 1856 potestate
769 1799 860 1855 quam
882 1781 987 1858 habes,
1020 1784 1086 1839 tum
1116 1782 1207 1840 etiam

197 1873 375 1930 auctoritate
404 1874 434 1929 et
457 1869 581 1929 consilio
609 1872 671 1928 tuo.
718 1869 759 1928 sic
791 1869 869 1928 euim
892 1871 1139 1945 praescripsimus
1163 1872 1206 1947 iis,

196 1961 304 2035 quibus
324 1979 358 2019 ea
376 1959 498 2034 negotia
515 1957 734 2035 mandavimus,
757 1961 792 2016 ut
806 1959 943 2017 omnibus
962 1959 994 2017 in
1008 1959 1106 2036 rebus,
1131 1979 1205 2035 quae

195 2051 227 2107 in
251 2049 382 2124 aliquam
405 2047 639 2106 controversiam
662 2049 850 2124 vocarentur,
873 2050 903 2106 te
927 2047 1040 2106 arbitro
1065 2051 1104 2124 et,
1128 2049 1206 2123 quod

196 2137 349 2196 commodo
377 2138 431 2194 tuo
459 2136 523 2193 fieri
545 2139 659 2212 posset,
688 2139 717 2193 te
741 2136 941 2210 disceptatore
965 2139 1130 2195 uterentur.
1176 2138 1206 2195 id

196 2228 231 2282 ut
249 2224 370 2284 honoris
389 2223 448 2282 mei
467 2243 556 2284 causa
575 2224 727 2300 suscipias,
747 2226 937 2284 vehementer
955 2227 985 2283 te
1005 2225 1097 2284 etiam
1116 2229 1205 2303 atque

196 2313 288 2372 etiam
311 2332 392 2390 rogo.
430 2313 507 2372 illud
529 2316 693 2389 praeterea,
717 2314 743 2372 si
760 2333 819 2372 non
839 2315 970 2372 alienum
983 2317 1037 2372 tua
1057 2315 1204 2392 dignitate

195 2403 317 2478 putabis
341 2422 419 2477 esse,
446 2403 552 2461 feceris
576 2402 649 2460 mihi
671 2405 858 2479 pergratum,
888 2403 913 2462 si
943 2403 995 2480 qui
1024 2402 1205 2464 difficiliores

196 2495 296 2566 erunt,
329 2495 364 2550 ut
395 2511 459 2550 rem
488 2492 550 2550 siue
579 2491 782 2551 controversia
811 2491 915 2550 confici
945 2492 1055 2567 noluit,
1088 2493 1114 2550 si
1147 2512 1205 2569 eos,

196 2581 335 2658 quoniam
358 2601 427 2640 oum
451 2584 587 2640 senatore
610 2600 658 2639 res
687 2583 745 2653 est,
778 2581 904 2639 Romam
932 2581 1077 2640 reieceris.
1125 2583 1205 2657 quod

196 2691 253 2748 quo
286 2671 400 2730 minore
428 2671 615 2729 dubitatione
643 2671 741 2729 facere
769 2688 882 2744 posses,
915 2671 1033 2729 litteras
1061 2669 1098 2728 ad
1129 2673 1160 2728 te
1189 2691 1206 2730 a

195 2761 235 2818 M.
259 2759 372 2836 Lepido
397 2761 530 2836 consule,
558 2777 618 2817 non
641 2777 718 2835 quae
742 2761 772 2816 te
796 2759 911 2834 aliquid
934 2759 1071 2817 iuberent
1095 2753 1205 2837 (neque

195 2849 275 2906 enim
297 2849 328 2906 id
352 2851 422 2906 tuae
447 2847 604 2925 dignitatis
634 2866 698 2906 esse
721 2839 970 2924 arbitrabamur),
1002 2847 1053 2906 sed
1078 2849 1206 2922 quodam

195 2937 282 2995 modo
307 2937 392 3011 quasi
416 2935 677 2994 commendaticias
701 2936 880 3010 sumpsimus
906 2930 945 2995 ..'
971 2929 1055 3011 (ibid.
1073 2938 1122 3011 13,
1139 2929 1204 3018 27).

285 3020 303 3084 ³.
319 3067 349 3082 ..
374 3023 405 3083 Ο.
425 3025 558 3084 Auianus
579 3070 602 3082 ..
623 3024 819 3082 Hammonius
839 3025 1028 3084 incredibiles
1048 3025 1123 3082 mihi
1138 3046 1205 3104 gra-

194 3113 253 3172 tias
277 3133 330 3188 per
349 3113 466 3172 litteras
486 3113 549 3188 egit
568 3115 599 3171 et
618 3113 665 3170 sui
684 3117 715 3170 et
733 3112 856 3172 Aemilii
870 3115 988 3191 Aviani,
1011 3115 1132 3188 patroni
1150 3116 1204 3192 sui,

194 3203 313 3261 nomine
421 3202 497 3260 illud
525 3207 554 3260 te
587 3220 673 3278 rogo,
706 3206 741 3259 ut
768 3202 836 3262 illos
866 3222 981 3280 quoque
1009 3205 1113 3280 gratos
1142 3221 1205 3262 esse

194 3291 329 3351 homines
348 3294 446 3369 putes,
471 3290 551 3367 quod
568 3291 613 3349 ita
632 3309 695 3349 esse
713 3291 772 3349 tibi
790 3293 933 3367 promitto
948 3295 1038 3367 atque
1053 3292 1203 3352 confirmo.

195 3401 286 3458 quare
310 3381 413 3455 velim,
438 3379 585 3458 quidquid
608 3380 720 3438 habent
742 3381 865 3458 nogotii,
890 3381 941 3440 des
965 3399 1100 3456 operam,
1125 3383 1204 3458 quod

194 3472 350 3531 commodo
373 3475 427 3530 tuo
447 3471 507 3543 fiet,
530 3472 566 3528 ut
584 3472 615 3528 te
634 3470 788 3529 obtinente
808 3471 952 3530 Achaiam
972 3469 1132 3529 conficiant
1151 3465 1205 3530 ‚..’

194 3551 277 3640 (sere.
301 3563 349 3639 13,
371 3556 436 3637 ai).
