2598 3910
186 220 251 283 252
288 220 349 276 VII.
370 220 503 276 OCTAVI
522 220 621 276 SAEC.
636 221 734 276 IURIS
750 220 923 276 CONSULT.
939 219 1016 274 SER.
1032 217 1208 275 SECUNDA

647 380 735 435 ‘Via’

275 481 328 546 24.
364 479 404 547 Ι).
432 481 728 565 50‚16,157,1.
796 480 909 546 Aelius
955 478 1069 546 Gallus
1115 479 1211 545 libro

184 570 289 655 primo
321 571 360 634 dc
390 571 563 635 verborum
592 592 674 654 quae
703 571 743 634 ad
771 569 822 635 ius
849 569 1014 654 pertinent
1041 569 1208 654 significa·

185 660 283 724 tione.
307 695 348 706 -
372 661 446 723 item
467 661 520 724 oia
543 664 587 724 est
607 661 670 724 stoc
691 659 801 724 samito
822 660 886 723 sice
908 659 967 723 iter
989 663 1040 724 est.

275 770 475 830 Tribonianus
498 769 627 830 fortasse
650 789 751 829 errore
774 769 978 847 fragmentum
1000 769 1098 845 primo
1122 769 1206 829 libro

187 859 354 936 adscripsit.
401 860 439 918 cf.
462 878 555 934 supra
577 851 703 917 ‘Parios’
733 863 763 918 et
790 857 909 918 Schoell
931 859 951 917 l.
971 878 996 917 c.
1017 878 1046 933 p.
1062 860 1104 918 28
1127 878 1159 917 n.
1176 861 1206 918 2.

524 1151 565 1234 6.
602 1157 643 1233 J..
670 1157 857 1231 CINCIUS
1276 1021 1279 1220 4

278 1299 503 1378 Ciceronianae,
534 1305 570 1360 ut
601 1301 736 1379 videtur,
769 1301 892 1375 aetatis,
924 1301 978 1377 qui
1004 1302 1137 1378 plurima
1168 1303 1206 1361 de

188 1392 254 1449 iure
277 1390 398 1465 publico
423 1409 514 1466 opera
532 1390 717 1466 conscripsit.
751 1389 1027 1450 Teuffel-Schwabe
1046 1388 1066 1466 ἓ
1083 1395 1160 1468 117,
1175 1395 1207 1451 4.

189 1483 274 1538 erant
298 1479 376 1537 enim
399 1479 469 1538 libri
492 1481 556 1539 eius
580 1479 616 1538 de
639 1479 741 1556 festis,
764 1479 800 1538 de
824 1479 960 1553 comitiis,
985 1479 1021 1538 de
1045 1481 1208 1540 consulum

188 1568 354 1645 potestate,
386 1567 422 1627 de
454 1587 486 1627 re
519 1569 657 1641 militari,
690 1568 726 1627 de
755 1567 853 1627 officio
884 1568 958 1627 iuris
987 1569 1132 1647 consulti,
1168 1570 1205 1628 de

186 1656 286 1716 verbis
308 1657 427 1733 priscis,
450 1657 687 1735 mystagogicon.

515 1853 538 1911 I.
563 1852 610 1911 De
633 1851 744 1911 fastis
767 1851 869 1911 liber.

277 1969 357 2027 Ante
381 1967 518 2026 Cincium
541 1968 577 2026 de
600 1967 688 2026 fastis
712 1967 865 2043 scripsisse
889 1967 1008 2027 videtur
1030 1967 1070 2027 M.
1094 1969 1206 2030 Iunius

189 2056 381 2116 Gracchanus
413 2054 518 2132 (supra
540 2076 568 2132 p.
593 2057 634 2115 37
659 2048 729 2136 sq.),
761 2060 830 2130 post
857 2053 993 2115 Cincium
1021 2057 1103 2116 inter
1126 2059 1205 2119 alios

188 2140 478 2223 (Teuffel-Schwabe
507 2141 527 2218 ξ
548 2146 598 2222 74,
614 2135 650 2225 4)
677 2143 797 2220 scripsit
818 2144 968 2204 Masurius
993 2145 1138 2223 Sabinus,
1166 2149 1207 2206 de

186 2252 245 2310 quo
269 2233 349 2292 infra
372 2232 537 2292 dicendum.

276 2334 305 2397 1.
332 2332 475 2399 Macrob.
495 2337 555 2398 sat.
575 2334 738 2418 1,12‚12.
761 2371 804 2380 -
828 2332 958 2400 Cincius
984 2336 1019 2400 in
1042 2357 1080 2400 eo
1104 2337 1205 2420 libro,

187 2445 282 2508 quem
307 2423 345 2486 de
368 2421 463 2487 fastis
484 2424 626 2507 reliquit,
649 2424 696 2486 eit
718 2425 869 2508 imperite
888 2425 1044 2508 quosdam
1064 2426 1204 2509 opinari,
1283 2429 1284 2502 I

185 2511 331 2597 Aprilem
351 2533 495 2577 mensem
515 2513 664 2597 antiquos
684 2511 844 2577 aVenerc
861 2512 988 2599 dixisse,
1004 2535 1077 2578 cum
1092 2515 1206 2579 nullus
1283 2529 1284 2534 ’

186 2602 254 2668 dies
282 2601 384 2666 festus
413 2595 600 2686 nullumbue
629 2601 821 2667 sacrificium
847 2600 975 2686 insigne
1000 2602 1121 2667 Veneri
1143 2625 1204 2688 per
1283 2607 1284 2610 ’

184 2692 271 2757 bunc
298 2712 441 2757 mensem
470 2714 489 2755 a
516 2691 693 2756 maioribus
721 2688 892 2754 institutus
921 2691 979 2776 sit,
1012 2691 1068 2755 sed
1096 2713 1138 2756 ne
1165 2692 1203 2756 in

186 2779 383 2845 carminibus
402 2780 532 2864 quidem
551 2778 712 2845 Saliorum
728 2777 866 2843 Veneris
884 2779 952 2844 ulla
966 2784 1002 2843 ut
1017 2783 1201 2846 ceterorum

186 2869 375 2934 coelestium
398 2869 469 2932 laus
493 2868 673 2932 celebretur

276 2959 306 3022 2.
328 2955 407 3040 Lyd.
427 2955 467 3021 de
485 2977 584 3020 mens.
598 2957 629 3038 4,
647 2957 700 3020 44.
724 2992 765 3003 —
790 2958 928 3037 Κίγκιος
947 2952 1021 3020 olo
1048 2960 1204 3040 Ρωμαῖος

186 3047 347 3128 σοφιστής
379 3059 475 3126 φησι,
507 3044 568 3126 τὴν
597 3038 799 3128 Ἀφροδίτην
831 3043 864 3122 ἐξ
897 3044 1008 3130 ἀφροῦ
1039 3053 1202 3130 τεχθῆναι

187 3131 292 3199 οἱονεὶ
316 3132 351 3198 ἐκ
374 3141 434 3198 τοῦ
457 3134 641 3216 χιονώᾶους
664 3131 761 3218 ἀέρος
783 3137 842 3197 καί
860 3141 919 3216 τῆς
936 3143 1066 3218 ψυχρᾶς
1085 3136 1203 3212 οὐσίας

185 3224 222 3289 τὸ
244 3225 301 3306 ἔαρ
324 3221 557 3306 ἀποτεχθῆναι.

274 3315 304 3379 3.
336 3311 479 3378 Macrob.
502 3316 562 3376 sat.
587 3310 620 3395 1,
645 3311 700 3394 12,
726 3311 775 3376 18.
812 3345 849 3358 -
885 3307 1016 3376 Cincius
1043 3309 1201 3399 (Maium)

185 3423 330 3467 mensem
352 3399 555 3465 nominatum
573 3401 669 3482 putat
687 3420 707 3463 a
725 3398 823 3483 Maia,
845 3421 942 3484 quam
962 3399 1102 3465 Vulcani
1122 3401 1199 3465 dicit

186 3488 753 3643 lttzt.³ltlt²llll¹t.lltl
766 3487 1199 3640 qdppnpgmpcpuunn.
