2602 3912
276 215 300 264 2.
320 207 376 263 CN.
393 207 548 263 suavius
568 237 600 250 -
620 213 645 264 ὁ.
665 207 979 264 T1.00aUNcAN1Us
1111 209 1129 271 7

379 423 418 505 3.
456 427 493 500 Ο.
522 427 670 500 SCIPIO
699 425 875 500 Nasica

209 573 391 648 Pomponius
416 569 435 647 ξ
456 573 495 632 37
521 567 630 631 ‘Gaius
655 571 754 647 Scipio
777 571 900 647 Nasica,
924 571 974 647 qui
998 571 1129 647 optimus

123 681 139 721 a
170 664 278 721 senatu
310 661 478 737 appellatus
512 664 570 734 esi,
608 661 656 718 cui
688 660 778 718 eiiam
810 660 929 734 publice
963 661 1067 719 domus
1098 661 1130 718 in

123 769 205 810 sacra
228 751 278 812 via
301 750 372 808 daia
395 751 450 822 esi,
473 769 531 826 quo
555 749 673 808 facilius
697 749 812 808 consuli
835 743 956 825 posset'.
1003 749 1128 808 fortasse

122 838 303 915 Pomponius
331 838 405 898 duos
434 838 586 914 Scipiones
614 837 777 897 confundit.
826 837 915 896 Senio
944 837 1130 896 Varroniano

119 948 147 1004 p.
168 929 232 988 150
242 928 262 986 f.

528 1015 719 1090 Responsa.

207 1104 301 1163 Nulla
324 1107 443 1163 exstant

298 1327 338 1409 4.
375 1333 414 1404 Ρ.
444 1331 745 1431 SEMPRONIUS
775 1331 953 1405 SOPHUS

506 1493 565 1535 cos.
589 1469 739 1553 450s304.

206 1601 391 1676 Pomponius
415 1597 434 1674 ὅ
455 1602 496 1660 37
525 1593 613 1659 ‘Fuit
712 1598 856 1657 maximae
880 1600 1021 1658 scientiae
1047 1599 1128 1659 Sem·

118 1690 255 1766 pronius,
288 1707 375 1764 quem
404 1689 533 1764 populus
561 1689 713 1748 Romanus
742 1684 837 1763 σοφὸν
866 1689 1043 1764 appellavit,
1076 1709 1129 1747 nec

119 1777 278 1856 quisquam
294 1780 362 1836 anie
376 1778 455 1836 hunc
471 1781 524 1836 aui
538 1781 606 1852 posi
619 1778 698 1835 hunc
708 1777 765 1835 hoc
774 1777 893 1834 nomine
904 1778 1129 1854 cognominatus

119 1862 184 1926 esi'.
227 1865 272 1926 Of.
297 1865 386 1926 Senio
408 1865 594 1925 Varroniano
616 1886 644 1941 p.
666 1866 727 1925 148
738 1865 758 1924 f.
800 1865 927 1924 fortasse
950 1885 1009 1924 non
1033 1866 1129 1924 solum

119 1974 263 2032 responsa
295 1955 378 2014 dedit
410 1955 462 2014 sed
494 1956 584 2013 eiiam
617 1973 709 2014 novas
742 1954 873 2013 actiones
905 1954 953 2014 vel
986 1955 1129 2014 formulas

119 2044 300 2120 composui’u
325 2045 378 2102 sed
401 2043 476 2101 nihii
500 2045 564 2102 exst
584 2045 604 2102 t.

373 2335 412 2419 5.
452 2341 509 2414 ΤΙ.
538 2341 872 2414 OORUNOANIUS

248 2505 306 2546 cos.
330 2479 485 2565 474)280,
508 2489 613 2562 posiae
635 2485 768 2561 pontifex
791 2485 950 2562 maximus,
974 2489 1005 2544 ei

408 2575 528 2652 quidem
551 2575 665 2650 primus
689 2593 724 2634 ex
746 2575 841 2649 plebe.

206 2698 387 2772 Pomponius
416 2697 435 2770 ξ
462 2700 501 2759 35
537 2693 589 2757 ‘ex
613 2697 750 2757 omnibus
773 2697 824 2774 qui
848 2697 1000 2756 scientiam
1025 2698 1127 2759 nuncii

120 2790 201 2860 sunt,
245 2790 313 2846 ante
351 2787 503 2846 Tiberium
541 2786 757 2846 Coruncanium
798 2786 917 2862 publice
958 2787 1127 2862 professum

117 2876 269 2936 neminem
296 2870 446 2934 traditur?
491 2875 575 2934 Idem
602 2877 682 2950 §38
713 2867 793 2950 ‘posi
820 2875 875 2934 hos
902 2875 961 2934 fuir
989 2875 1127 2936 Tiberius

118 2963 335 3032 Coruncanius,
430 2964 482 3040 qui
503 2964 617 3040 primus
639 2962 774 3040 profiteri
793 2963 899 3040 coepit,
924 2965 1008 3023 cuius
1026 2968 1128 3024 'camon

118 3055 264 3130 scriptum
287 3053 403 3112 nullum
423 3047 541 3112 exstas?

527 3212 719 3288 Responsa.

206 3327 388 3403 Pomponius
411 3327 430 3404 ξ
451 3329 491 3388 38
516 3321 671 3403 ‘responsa
693 3327 849 3404 complura
873 3329 903 3387 ei
923 3326 1128 3387 memorabilia

116 3418 180 3477 eius
205 3410 383 3475 feruntur’.¹
428 3417 486 3476 duo
511 3420 636 3476 exstant.

188 3583 203 3630 1
224 3577 376 3632 emendavit
394 3579 536 3647 Muretus,
553 3576 666 3631 fuerunt
685 3577 720 3632 F.
