2598 3910
172 139 239 203 242
275 138 322 194 Vl.
347 137 479 194 OCTAVI
498 137 597 194 SAEC.
616 137 711 192 IURIS
732 137 905 193 CONSULT.
924 137 1049 213 SERIES
1070 139 1187 193 PRIMA

262 306 345 366 Inter
372 325 515 384 responsa
543 299 650 388 (supra
672 327 700 382 p.
721 299 800 386 207)
823 307 870 368 vel
895 307 1076 383 reprehensa
1099 306 1187 366 Scae-

171 397 258 458 volae
283 396 383 472 capita
405 389 448 479 (p.
469 397 548 476 221)
573 397 752 456 seutentiam
769 395 901 472 recipere
920 413 1011 458 ausus
1031 415 1092 456 non
1111 415 1188 456 sum

461 575 509 633 Dc
532 573 679 648 (11111111
702 575 891 634 auditoribus.

262 685 292 749 6.
316 683 355 749 D.
376 686 405 767 1,
419 685 449 767 2,
462 685 515 749 42.
546 682 746 767 Pomponius
768 683 852 748 libro
876 683 980 766 primo
1004 681 1188 747 Euchiridii

174 771 223 860 (P.
243 769 332 862 178).
377 773 477 838 Mucii
505 772 668 837 auditores
697 772 828 836 fuerunt
856 773 1038 856 complures
1147 793 1188 836 ex

173 862 290 946 quibus
325 861 455 926 Gallum
486 863 646 926 maximae
678 861 883 927 auctoritatis
915 860 1001 944 apud
1031 860 1189 945 populum

172 951 274 1017 fuisse
302 949 433 1017 Servius
461 950 547 1015 dicit.
593 972 705 1015 omues
733 953 843 1014 tamen
869 949 906 1013 hi
933 971 953 1013 a
979 947 1093 1014 Servio
1118 946 1189 1013 Sul-

173 1040 259 1124 picio
282 1039 502 1106 nominantur.

670 1132 686 1176 o

263 1245 291 1308 7.
323 1241 710 1327 Ρ1111.11.11.20,2,26.
757 1240 847 1307 Servi
876 1239 998 1326 Sulpici
1029 1241 1188 1326 principis

173 1333 235 1398 riri
255 1331 484 1396 commentatio
505 1337 555 1396 est
574 1333 784 1416 quamobrem
803 1353 915 1395 mensa
931 1329 1108 1416 linquenda
1122 1352 1187 1394 non

174 1423 231 1506 sit3
250 1421 393 1486 nondum
413 1421 497 1485 enim
516 1422 624 1505 plures
644 1443 740 1504 quam
756 1421 909 1486 convivae
923 1419 1188 1484 numerabantur.

265 1529 483 1592 Commentatio
506 1532 560 1591 illa
582 1533 710 1591 fortasse
733 1533 764 1590 in
788 1531 918 1606 epistula
941 1530 1088 1590 exstabat.
1160 1585 1165 1594 .

364 1745 490 1814 Denique
509 1747 560 1800 has
578 1747 659 1800 notas
678 1745 822 1799 addendas
842 1760 903 1798 esse
922 1744 997 1800 duxi.

265 1863 292 1920 1.
323 1861 359 1920 D.
386 1863 436 1939 19,
456 1864 490 1936 2,
516 1863 564 1920 28.
615 1859 715 1918 Labeo
746 1859 822 1918 libro
851 1861 959 1935 quarto
988 1859 1188 1934 posteriorum

174 1951 406 2026 epitomatorum
434 1949 613 2008 aIavoleno
638 1940 685 2028 (P.
705 1939 792 2028 203).
839 1947 926 2017 Quod
949 1947 975 2006 si
998 1948 1079 2006 domi
1102 1949 1188 2007 habi-

173 2039 288 2098 tatione
316 2039 479 2097 conductor
506 2055 600 2112 aeque
628 2053 699 2094 usus
728 2036 849 2112 fuisset,
877 2039 975 2111 portis
1002 2037 1094 2096 etiam
1122 2037 1188 2096 eius

174 2129 280 2186 domus
317 2126 495 2202 mercedem,
533 2143 609 2202 quae
642 2125 751 2185 vitium
783 2125 916 2202 fecisset,
954 2125 1057 2184 deberi
1088 2129 1186 2202 putat.

173 2215 252 2273 idem
282 2215 357 2273 iuris
385 2232 462 2292 esse,
496 2213 521 2272 si
548 2216 730 2289 potestatem
756 2214 940 2274 conducendi
967 2214 1113 2290 habebat,
1140 2215 1187 2274 uti

173 2303 305 2379 pretium
324 2301 528 2362 conductionis
547 2304 723 2378 praestaret.
761 2303 813 2362 sed
832 2305 858 2361 si
876 2303 992 2362 locator
1010 2303 1187 2363 conductori

174 2394 355 2467 potestatem
384 2391 591 2451 conducendae
615 2391 721 2450 domus
743 2410 803 2450 non
825 2392 946 2451 fecisset
969 2393 999 2450 ct
1021 2392 1047 2452 is
1071 2393 1102 2450 in
1127 2411 1188 2469 qua

174 2481 327 2541 habitaret
345 2481 542 2560 conduxisset,
561 2483 681 2540 tantum
698 2481 725 2539 ei
743 2481 957 2556 praestandum
975 2483 1073 2558 putat,
1092 2500 1187 2558 quan·

173 2575 240 2628 tum
264 2572 326 2630 sine
350 2571 419 2630 dolo
442 2571 521 2630 malo
542 2570 750 2646 praestitisset.
793 2565 950 2646 [ceterum
974 2569 999 2628 si
1018 2571 1186 2647 gratuitam

174 2661 390 2720 habitationem
409 2659 573 2738 habuisset,
591 2679 646 2736 pro
664 2661 800 2735 portione
819 2660 963 2734 temporis
982 2677 1018 2716 ex
1036 2660 1187 2718 locatione

175 2749 280 2808 domus
304 2749 511 2808 deducendum
534 2746 620 2824 esea]

263 2847 399 2923 Krueger
412 2866 440 2922 p.
453 2849 514 2905 163
530 2865 558 2905 n.
571 2848 633 2905 137
654 2845 818 2904 orationem
839 2843 990 2918 obliquam
1010 2845 1041 2903 et
1059 2845 1187 2904 verbum
1280 2895 1281 2898 ,

176 2927 286 3007 ‘putat'
305 2935 433 2993 fortasse
452 2933 490 2992 ad
509 2934 644 2992 Servium
662 2933 808 3008 respicere
827 2932 987 2992 existimat.
1023 2933 1188 3010 fragmenti

174 3022 263 3080 finem
287 3022 501 3098 interpolatam
524 3040 587 3080 essa
611 3021 647 3080 A.
667 3021 792 3080 Pernice
815 3021 898 3082 vidit.

265 3130 293 3189 2.
326 3128 361 3187 D.
387 3131 442 3205 29,
462 3131 491 3202 5,
512 3131 545 3201 1,
568 3130 620 3188 27.
665 3127 813 3203 Ulpianus
836 3128 913 3188 libro
937 3128 1189 3206 quinquagesimo

176 3217 214 3276 ad
237 3217 368 3278 edictum
392 3210 440 3299 (P.
462 3211 572 3298 1238).
614 3263 643 3280 ..
667 3219 698 3275 at
721 3217 764 3276 ait
788 3217 896 3276 Sextus
920 3263 949 3277 ..

265 3315 351 3387 Quod
365 3317 457 3376 Basil.
472 3317 576 3394 3116
591 3316 714 3374 habent:
734 3309 795 3374 ‘rol
809 3311 884 3394 λέγει
897 3307 1045 3394 Σέρβιος’,
1063 3323 1190 3390 apertus

176 3425 259 3464 error
277 3408 331 3482 est,
354 3425 423 3465 cum
441 3408 564 3466 senatus
582 3404 752 3464 consultum
771 3403 965 3481 Silanianum,
989 3405 1103 3480 dequo
1123 3405 1188 3480 agi-

175 3495 236 3570 tur,
249 3494 459 3569 imperatoriae
474 3496 593 3553 demum
608 3491 717 3551 aetatis
733 3492 780 3551 sit.
804 3493 840 3552 cf.
852 3492 974 3552 Pumice
988 3491 1088 3551 Labeo
1099 3491 1124 3570 I,
1136 3495 1190 3553 86.
