2614 3914
168 215 234 278 378
267 215 341 271 VIII.
357 214 490 272 OCTAVI
504 215 603 273 SAEO.
613 215 708 272 IURIS
723 215 895 273 CONSULT.
906 216 1030 272 saulae
1044 217 1179 274 TERTIA

156 381 240 445 'auri
270 401 373 464 neque
400 380 537 465 argenti.
586 379 618 446 id
647 381 674 444 si
701 380 748 446 ita
776 383 838 464 cst,
867 381 1012 446 essedum
1045 381 1180 468 aliquod

167 470 279 554 capias
303 468 421 534 suadeo
445 472 479 532 et
502 469 543 533 ad
565 491 624 534 nos
648 490 743 553 quam
767 470 909 554 primum
931 490 1087 535 recurras.
1129 473 1180 536 sin

170 564 278 623 autem
307 559 375 623 sine
403 557 573 622 Britannia
600 563 710 622 tamen
738 559 878 643 assequi,
907 559 992 642 quod
1021 559 1180 640 volumus,

169 668 355 732 possumus,
387 647 517 732 perfice,
553 651 590 712 ut
626 648 671 710 sis
703 646 737 711 in
769 647 982 712 familiaribus
1016 644 1180 714 Caesaris:

99 801 100 804 ,
168 735 308 801 multum
344 740 377 801 tc
414 735 463 800 in¹
485 759 523 801 eo
560 733 660 800 freter
698 735 863 801 adiuvabit
899 759 1004 819 meus,
1040 737 1181 803 multum

169 825 307 910 Balbus,
335 824 404 908 sed,
431 824 512 890 mihi
538 825 643 908 crede,
671 828 747 890 tuus
774 824 878 910 pudor
906 830 938 889 et
965 825 1056 890 labor
1081 826 1179 911 pluri-

168 936 267 979 mum.
299 913 555 998 †imperatorem
574 912 850 998 liberalissimum,
869 918 1008 978 aetatem
1025 919 1180 998 opportu-

155 1004 351 1087 nissimam,
378 1001 693 1068 commendationem
716 1005 802 1068 certe
826 1003 1036 1087 singularem,
1060 1015 1096 1067 ut
1118 1004 1181 1070 tibi

165 1114 269 1266 pnum
300 1091 480 1156 timendum
513 1091 570 1176 sit,
600 1113 641 1156 ne
673 1091 744 1177 ipse
775 1091 837 1156 tibi
868 1089 1009 1156 defuisse
1041 1091 1179 1158 videare.

186 1180 261 1264 VII,
281 1179 316 1266 7)

258 1271 288 1335 4.
326 1267 439 1334 Cicero
471 1269 632 1334 Trebatio.
656 1305 697 1316 -—
727 1267 862 1352 Scripsit
899 1269 940 1333 ad
975 1291 1026 1333 me
1059 1267 1181 1336 Caesar

167 1358 410 1443 perhumaniter
440 1358 584 1424 nondum
616 1362 648 1422 te
681 1356 743 1422 sibi
775 1357 855 1422 satis
885 1379 956 1423 esse
985 1358 1180 1426 familiarem

168 1451 302 1531 propter
325 1447 551 1531 occupationes
575 1469 666 1532 suas,
689 1447 745 1512 scd
770 1449 857 1511 certe
880 1446 950 1512 fore
1049 1469 1088 1512 ex
1113 1448 1179 1514 tuis

169 1535 288 1601 litteris
313 1537 450 1621 cognovi
472 1557 722 1620 praeproperam
747 1535 907 1620 quandam
935 1535 1180 1601 festinationem

166 1629 257 1690 tuam
291 1628 323 1689 et
355 1626 451 1691 simul
478 1646 550 1689 sum
578 1625 767 1708 admiratus,
800 1645 856 1689 cur
883 1624 1065 1690 tribunatus
1094 1647 1181 1690 com·

168 1713 273 1796 moda,
292 1714 422 1799 dempto
441 1715 632 1798 praesertim
649 1714 759 1779 labore
778 1712 922 1798 militiae,
937 1716 1180 1797 contempseris.

167 1823 285 1886 querar
311 1826 384 1868 cum
411 1801 553 1868 Vacerro
581 1808 615 1868 et
640 1801 787 1887 Manili03
814 1823 890 1866 nam
917 1799 1067 1867 Cornelio
1096 1803 1180 1868 nihil

167 1892 270 1957 audeo
299 1892 415 1977 dicere,
443 1893 532 1957 euius
559 1895 596 1956 tu
624 1891 769 1975 periculo
799 1891 918 1956 stultus
948 1912 996 1974 es,
1024 1892 1181 1975 quoniam

166 1985 200 2044 te
228 1982 269 2045 ab
298 2003 336 2047 eo
365 2003 478 2064 sapere
507 1979 655 2045 didicisse
683 1979 921 2062 profiteris
948 1979 1033 2064 quod
1062 1980 1179 2044 scribis

69 2067 70 2072 ’
168 2069 208 2132 de
235 2070 292 2135 illo
319 2069 474 2135 Preciano
502 2069 736 2153 iureconsulto,
764 2088 825 2153 ego
853 2073 886 2133 te
914 2067 945 2134 ei
971 2090 1036 2133 non
1064 2068 1179 2136 desino

166 2159 407 2242 commendare3
435 2157 548 2223 scribit
576 2157 663 2222 enim
691 2157 760 2241 ipse
789 2157 869 2221 mihi
897 2162 930 2221 te
961 2157 1022 2222 sihi
1052 2157 1179 2242 gratias

168 2268 265 2330 agere
289 2246 404 2310 debere
440 2295 496 2311 ...
520 2266 580 2331 ego
604 2249 728 2311 vestras
748 2245 953 2310 Britannicas
976 2247 1103 2310 litteras
1127 2268 1180 2311 ex·

167 2340 287 2416 specto.
324 2332 411 2420 (VII,
430 2332 465 2420 8)

256 2422 286 2489 5.
314 2421 428 2489 (licero
451 2423 611 2489 Trebatio.
633 2460 670 2472 -
772 2424 864 2508 cupio
893 2423 973 2488 scire
997 2422 1075 2508 quid
1099 2444 1179 2508 agas

167 2515 201 2576 et
223 2512 279 2576 ubi
303 2513 347 2577 sis
371 2513 578 2578 hiematurus.
611 2509 703 2599 (VII,
724 2509 759 2600 9)

259 2602 288 2666 6.
318 2601 429 2669 Cicero
453 2602 605 2668 Trebatio
629 2625 653 2666 s.
679 2638 717 2648 —
822 2601 1000 2685 primorum
1028 2622 1180 2666 mensum

168 2691 287 2756 litteris
306 2693 370 2756 tuis
389 2691 596 2757 vehementer
614 2691 850 2776 commovebar,
873 2689 956 2774 quod
976 2688 1056 2754 mihi
1075 2690 1179 2754 inter-

166 2781 257 2862 dum,
284 2803 364 2864 pace
391 2787 448 2845 tua
470 2780 618 2864 dixerim,
645 2780 725 2845 levis
748 2779 783 2844 in
806 2780 894 2844 urbis
918 2780 1177 2868 urbanitatisque

168 2868 339 2952 desiderio,
361 2869 522 2933 interdum
544 2869 645 2954 piger,
667 2868 830 2933 interdum
853 2867 984 2932 timidus
1007 2868 1041 2931 in
1064 2867 1176 2932 labore

166 2956 315 3039 militari,
343 2961 439 3041 saepe
463 2963 571 3020 autem
596 2958 706 3042 etiarn,
735 2957 819 3042 quod
843 2959 917 3020 ate
941 2957 1178 3021 alienissimum

165 3049 226 3130 est,
246 3045 476 3129 subimpudens
494 3045 654 3110 videbare.
683 3049 838 3129 tanquam
854 3046 940 3109 enim
954 3045 1177 3130 syngrapham

165 3135 206 3198 ad
225 3135 463 3219 imperatorem,
485 3156 551 3200 non
574 3133 747 3218 epistulam
771 3134 946 3217 attulisses,
970 3135 1015 3199 sic
1038 3133 1177 3218 pecunia

164 3224 278 3288 ablata
301 3224 432 3288 domum
455 3223 559 3288 redire
581 3223 792 3307 properabas,
813 3243 873 3288 nec
895 3223 957 3287 tibi
977 3222 1012 3286 in
1034 3227 1177 3288 mentem

165 3313 318 3378 veniebat
355 3334 409 3378 eos
446 3313 549 3396 ipsos,
585 3311 641 3397 qui
676 3332 750 3376 cum
785 3310 978 3396 syngraphis
1011 3312 1177 3376 venissent

165 3402 419 3486 Alexandream,
455 3423 621 3468 nummum
659 3401 763 3467 adhuc
800 3400 925 3466 nullum
962 3399 1086 3465 auferre
1118 3422 1177 3484 po·

164 3491 268 3556 tuisse
288 3540 341 3557 ...
359 3495 488 3556 tantum
508 3511 624 3556 moneo
643 3511 746 3575 neque
761 3489 922 3556 amicitiae
935 3489 1177 3555 confirmandae

163 3579 338 3644 clarissimi
371 3601 408 3645 ac
435 3579 654 3644 liberalissimi
685 3580 747 3644 viri
777 3599 879 3663 neque
909 3577 1066 3643 uberioris
1099 3600 1177 3662 pro·
