<?xml version="1.0" encoding="UTF-8"?>
<!DOCTYPE html PUBLIC "-//W3C//DTD XHTML 1.0 Transitional//EN"
    "http://www.w3.org/TR/xhtml1/DTD/xhtml1-transitional.dtd">
<html xmlns="http://www.w3.org/1999/xhtml" xml:lang="en" lang="en">
 <head>
  <title>
</title>
<meta http-equiv="Content-Type" content="text/html;charset=utf-8" />
  <meta name='ocr-system' content='tesseract 3.04.00' />
  <meta name='ocr-capabilities' content='ocr_page ocr_carea ocr_par ocr_line ocrx_word'/>
</head>
<body>
  <div class='ocr_page' id='page_1' title='image "./iurisprudentiae05bremgoog_0201.png"; bbox 0 0 2588 3908; ppageno 0'>
   <div class='ocr_carea' id='block_1_1' title="bbox 351 167 1124 232">
    <p class='ocr_par' dir='ltr' id='par_1_1' title="bbox 351 167 1124 232">
     <span class='ocr_line' id='line_1_1' title="bbox 351 167 1124 232; baseline 0.013 -9"><span class='ocrx_word' id='word_1_1' title='bbox 351 173 375 224; x_wconf 88' lang='lat'><strong>8.</strong></span> <span class='ocrx_word' id='word_1_2' title='bbox 402 167 557 224; x_wconf 82' lang='lat' dir='ltr'>SERVIUS</span> <span class='ocrx_word' id='word_1_3' title='bbox 577 167 760 224; x_wconf 81' lang='lat' dir='ltr'>SULPICIUS</span> <span class='ocrx_word' id='word_1_4' title='bbox 778 168 895 224; x_wconf 80' lang='lat' dir='ltr'>RUFUS</span> <span class='ocrx_word' id='word_1_5' title='bbox 1064 169 1124 232; x_wconf 84' lang='grc'><strong>191</strong></span> 
     </span>
    </p>
   </div>
   <div class='ocr_carea' id='block_1_2' title="bbox 118 327 1127 590">
    <p class='ocr_par' dir='ltr' id='par_1_2' title="bbox 118 327 1127 590">
     <span class='ocr_line' id='line_1_2' title="bbox 210 327 1127 418; baseline 0 -22"><span class='ocrx_word' id='word_1_6' title='bbox 210 334 314 396; x_wconf 88' lang='lat' dir='ltr'><strong>Oratio</strong></span> <span class='ocrx_word' id='word_1_7' title='bbox 343 337 517 396; x_wconf 84' lang='lat' dir='ltr'><strong>&#39;Iriboniani</strong></span> <span class='ocrx_word' id='word_1_8' title='bbox 548 357 670 396; x_wconf 86' lang='lat' dir='ltr'><strong>manum</strong></span> <span class='ocrx_word' id='word_1_9' title='bbox 700 337 831 396; x_wconf 88' lang='lat' dir='ltr'><strong>ostendit</strong></span> <span class='ocrx_word' id='word_1_10' title='bbox 858 327 1049 418; x_wconf 81' lang='lat' dir='ltr'><strong>(numquaml</strong></span> <span class='ocrx_word' id='word_1_11' title='bbox 1082 357 1127 396; x_wconf 90' lang='lat' dir='ltr'><strong>ac-</strong></span> 
     </span>
     <span class='ocr_line' id='line_1_3' title="bbox 118 417 1126 506; baseline -0.002 -20"><span class='ocrx_word' id='word_1_12' title='bbox 118 426 293 501; x_wconf 85' lang='lat' dir='ltr'><strong>eessionem,</strong></span> <span class='ocrx_word' id='word_1_13' title='bbox 316 425 516 484; x_wconf 81' lang='lat' dir='ltr'><strong>decessionem</strong></span> <span class='ocrx_word' id='word_1_14' title='bbox 538 426 570 484; x_wconf 91' lang='lat' dir='ltr'><strong>in</strong></span> <span class='ocrx_word' id='word_1_15' title='bbox 592 443 642 486; x_wconf 90' lang='lat' dir='ltr'><strong>eos</strong></span> <span class='ocrx_word' id='word_1_16' title='bbox 661 417 794 506; x_wconf 76' lang='lat' dir='ltr'><strong>faceret).</strong></span> <span class='ocrx_word' id='word_1_17' title='bbox 832 445 871 484; x_wconf 88' lang='lat' dir='ltr'><strong>an</strong></span> <span class='ocrx_word' id='word_1_18' title='bbox 890 425 986 486; x_wconf 81' lang='lat' dir='ltr'><strong>Servii</strong></span> <span class='ocrx_word' id='word_1_19' title='bbox 1005 445 1126 502; x_wconf 90' lang='lat' dir='ltr'><strong>respon-</strong></span> 
     </span>
     <span class='ocr_line' id='line_1_4' title="bbox 119 515 568 590; baseline -0.004 -16"><span class='ocrx_word' id='word_1_20' title='bbox 119 534 187 574; x_wconf 89' lang='lat' dir='ltr'><strong>sum</strong></span> <span class='ocrx_word' id='word_1_21' title='bbox 211 515 316 590; x_wconf 88' lang='lat' dir='ltr'><strong>subsit,</strong></span> <span class='ocrx_word' id='word_1_22' title='bbox 338 515 470 573; x_wconf 88' lang='lat' dir='ltr'><strong>incertus</strong></span> <span class='ocrx_word' id='word_1_23' title='bbox 494 533 568 573; x_wconf 88' lang='lat' dir='ltr'><strong>sum.</strong></span> 
     </span>
    </p>
   </div>
   <div class='ocr_carea' id='block_1_3' title="bbox 118 615 1129 1852">
    <p class='ocr_par' dir='ltr' id='par_1_3' title="bbox 118 615 1129 1496">
     <span class='ocr_line' id='line_1_5' title="bbox 210 615 1127 700; baseline 0.001 -20"><span class='ocrx_word' id='word_1_24' title='bbox 210 615 261 681; x_wconf 75' lang='lat'><strong>75.</strong></span> <span class='ocrx_word' id='word_1_25' title='bbox 292 615 330 679; x_wconf 93' lang='lat' dir='ltr'><strong>D.</strong></span> <span class='ocrx_word' id='word_1_26' title='bbox 349 616 402 698; x_wconf 88' lang='lat'><strong>41,</strong></span> <span class='ocrx_word' id='word_1_27' title='bbox 423 617 451 698; x_wconf 88' lang='lat'><strong>1,</strong></span> <span class='ocrx_word' id='word_1_28' title='bbox 469 616 512 680; x_wconf 86' lang='grc'><strong>26</strong></span> <span class='ocrx_word' id='word_1_29' title='bbox 523 638 571 698; x_wconf 89' lang='lat' dir='ltr'><strong>pr.</strong></span> <span class='ocrx_word' id='word_1_30' title='bbox 612 615 733 681; x_wconf 88' lang='lat' dir='ltr'><strong>Paulus</strong></span> <span class='ocrx_word' id='word_1_31' title='bbox 757 616 840 680; x_wconf 89' lang='lat' dir='ltr'><strong>libro</strong></span> <span class='ocrx_word' id='word_1_32' title='bbox 865 619 979 700; x_wconf 85' lang='lat' dir='ltr'><strong>quarto</strong></span> <span class='ocrx_word' id='word_1_33' title='bbox 1004 616 1127 681; x_wconf 83' lang='lat' dir='ltr'><strong>decimo</strong></span> 
     </span>
     <span class='ocr_line' id='line_1_6' title="bbox 119 701 1128 790; baseline 0.001 -21"><span class='ocrx_word' id='word_1_34' title='bbox 119 705 160 770; x_wconf 88' lang='lat' dir='ltr'><strong>ad</strong></span> <span class='ocrx_word' id='word_1_35' title='bbox 189 702 344 769; x_wconf 88' lang='lat' dir='ltr'><strong>Sabinum</strong></span> <span class='ocrx_word' id='word_1_36' title='bbox 376 703 423 790; x_wconf 78' lang='lat' dir='ltr'><strong>(P.</strong></span> <span class='ocrx_word' id='word_1_37' title='bbox 450 701 574 790; x_wconf 64' lang='lat'><strong>186811).</strong></span> <span class='ocrx_word' id='word_1_38' title='bbox 630 754 663 768; x_wconf 92' lang='lat'><strong>..</strong></span> <span class='ocrx_word' id='word_1_39' title='bbox 695 705 723 768; x_wconf 93' lang='lat' dir='ltr'><strong>si</strong></span> <span class='ocrx_word' id='word_1_40' title='bbox 753 705 832 768; x_wconf 89' lang='lat' dir='ltr'><strong>meis</strong></span> <span class='ocrx_word' id='word_1_41' title='bbox 863 704 982 768; x_wconf 92' lang='lat' dir='ltr'><strong>tabulis</strong></span> <span class='ocrx_word' id='word_1_42' title='bbox 1012 727 1128 770; x_wconf 82' lang='lat' dir='ltr'><strong>navem</strong></span> 
     </span>
     <span class='ocr_line' id='line_1_7' title="bbox 118 793 1129 877; baseline 0 -21"><span class='ocrx_word' id='word_1_43' title='bbox 118 793 262 866; x_wconf 81' lang='lat' dir='ltr'><strong>fecisses,</strong></span> <span class='ocrx_word' id='word_1_44' title='bbox 281 799 372 858; x_wconf 91' lang='lat' dir='ltr'><strong>tuam</strong></span> <span class='ocrx_word' id='word_1_45' title='bbox 385 815 500 858; x_wconf 83' lang='lat' dir='ltr'><strong>navem</strong></span> <span class='ocrx_word' id='word_1_46' title='bbox 517 815 595 874; x_wconf 89' lang='lat' dir='ltr'><strong>esse,</strong></span> <span class='ocrx_word' id='word_1_47' title='bbox 614 793 689 877; x_wconf 89' lang='lat' dir='ltr'><strong>quia</strong></span> <span class='ocrx_word' id='word_1_48' title='bbox 708 814 878 877; x_wconf 77' lang='lat' dir='ltr'><strong>cupressus</strong></span> <span class='ocrx_word' id='word_1_49' title='bbox 898 815 960 858; x_wconf 90' lang='lat' dir='ltr'><strong>non</strong></span> <span class='ocrx_word' id='word_1_50' title='bbox 976 798 1129 876; x_wconf 86' lang='lat' dir='ltr'><strong>maneret,</strong></span> 
     </span>
     <span class='ocr_line' id='line_1_8' title="bbox 119 881 1129 966; baseline 0 -20"><span class='ocrx_word' id='word_1_51' title='bbox 119 881 216 947; x_wconf 87' lang='lat' dir='ltr'><strong>sicuti</strong></span> <span class='ocrx_word' id='word_1_52' title='bbox 238 903 297 947; x_wconf 89' lang='lat' dir='ltr'><strong>nec</strong></span> <span class='ocrx_word' id='word_1_53' title='bbox 319 882 395 946; x_wconf 89' lang='lat' dir='ltr'><strong>lana</strong></span> <span class='ocrx_word' id='word_1_54' title='bbox 418 883 611 946; x_wconf 81' lang='lat' dir='ltr'><strong>vestimento</strong></span> <span class='ocrx_word' id='word_1_55' title='bbox 634 881 736 966; x_wconf 84' lang='lat' dir='ltr'><strong>facto,</strong></span> <span class='ocrx_word' id='word_1_56' title='bbox 763 881 818 946; x_wconf 88' lang='lat' dir='ltr'><strong>sed</strong></span> <span class='ocrx_word' id='word_1_57' title='bbox 846 903 1049 965; x_wconf 88' lang='lat' dir='ltr'><strong>cupresseum</strong></span> <span class='ocrx_word' id='word_1_58' title='bbox 1073 887 1129 946; x_wconf 89' lang='lat' dir='ltr'><strong>aut</strong></span> 
     </span>
     <span class='ocr_line' id='line_1_9' title="bbox 118 969 1128 1054; baseline 0.001 -20"><span class='ocrx_word' id='word_1_59' title='bbox 118 971 249 1035; x_wconf 92' lang='lat' dir='ltr'><strong>laneum</strong></span> <span class='ocrx_word' id='word_1_60' title='bbox 276 992 390 1054; x_wconf 92' lang='lat' dir='ltr'><strong>corpus</strong></span> <span class='ocrx_word' id='word_1_61' title='bbox 413 972 511 1034; x_wconf 87' lang='lat' dir='ltr'><strong>fieret.</strong></span> <span class='ocrx_word' id='word_1_62' title='bbox 553 969 710 1035; x_wconf 89' lang='lat' dir='ltr'><strong>Proculus</strong></span> <span class='ocrx_word' id='word_1_63' title='bbox 737 970 857 1034; x_wconf 87' lang='lat' dir='ltr'><strong>indicat</strong></span> <span class='ocrx_word' id='word_1_64' title='bbox 884 972 944 1036; x_wconf 92' lang='lat' dir='ltr'><strong>hoc</strong></span> <span class='ocrx_word' id='word_1_65' title='bbox 971 972 1040 1034; x_wconf 90' lang='lat' dir='ltr'><strong>iure</strong></span> <span class='ocrx_word' id='word_1_66' title='bbox 1069 992 1128 1035; x_wconf 88' lang='lat' dir='ltr'><strong>nos</strong></span> 
     </span>
     <span class='ocr_line' id='line_1_10' title="bbox 119 1056 1129 1144; baseline 0 -20"><span class='ocrx_word' id='word_1_67' title='bbox 119 1061 183 1142; x_wconf 83' lang='lat' dir='ltr'><strong>uti,</strong></span> <span class='ocrx_word' id='word_1_68' title='bbox 220 1059 305 1142; x_wconf 90' lang='lat' dir='ltr'><strong>quod</strong></span> <span class='ocrx_word' id='word_1_69' title='bbox 334 1056 444 1124; x_wconf 89' lang='lat' dir='ltr'><strong>Servio</strong></span> <span class='ocrx_word' id='word_1_70' title='bbox 560 1060 748 1142; x_wconf 86' lang='lat' dir='ltr'><strong>placuisset:</strong></span> <span class='ocrx_word' id='word_1_71' title='bbox 784 1059 819 1122; x_wconf 94' lang='lat' dir='ltr'><strong>in</strong></span> <span class='ocrx_word' id='word_1_72' title='bbox 851 1059 965 1142; x_wconf 91' lang='lat' dir='ltr'><strong>quibus</strong></span> <span class='ocrx_word' id='word_1_73' title='bbox 997 1061 1129 1144; x_wconf 87' lang='lat' dir='ltr'><strong>propria</strong></span> 
     </span>
     <span class='ocr_line' id='line_1_11' title="bbox 119 1147 1128 1232; baseline 0.001 -20"><span class='ocrx_word' id='word_1_74' title='bbox 119 1147 261 1232; x_wconf 77' lang='lat' dir='ltr'><strong>qualitas</strong></span> <span class='ocrx_word' id='word_1_75' title='bbox 294 1149 576 1232; x_wconf 87' lang='lat' dir='ltr'><strong>[ex]speotaretur,</strong></span> <span class='ocrx_word' id='word_1_76' title='bbox 613 1149 642 1212; x_wconf 93' lang='lat' dir='ltr'><strong>si</strong></span> <span class='ocrx_word' id='word_1_77' title='bbox 674 1148 751 1232; x_wconf 90' lang='lat' dir='ltr'><strong>quid</strong></span> <span class='ocrx_word' id='word_1_78' title='bbox 783 1148 928 1212; x_wconf 89' lang='lat' dir='ltr'><strong>additum</strong></span> <span class='ocrx_word' id='word_1_79' title='bbox 965 1150 1027 1213; x_wconf 87' lang='lat' dir='ltr'><strong>erit</strong></span> <span class='ocrx_word' id='word_1_80' title='bbox 1058 1152 1128 1213; x_wconf 91' lang='lat' dir='ltr'><strong>toto</strong></span> 
     </span>
     <span class='ocr_line' id='line_1_12' title="bbox 119 1237 1129 1322; baseline -0.001 -21"><span class='ocrx_word' id='word_1_81' title='bbox 119 1237 217 1319; x_wconf 86' lang='lat' dir='ltr'><strong>cedit,</strong></span> <span class='ocrx_word' id='word_1_82' title='bbox 250 1239 286 1300; x_wconf 92' lang='lat' dir='ltr'><strong>ut</strong></span> <span class='ocrx_word' id='word_1_83' title='bbox 315 1240 440 1302; x_wconf 88' lang='lat' dir='ltr'><strong>statuae</strong></span> <span class='ocrx_word' id='word_1_84' title='bbox 464 1259 521 1320; x_wconf 88' lang='lat' dir='ltr'><strong>pes</strong></span> <span class='ocrx_word' id='word_1_85' title='bbox 545 1240 602 1300; x_wconf 90' lang='lat' dir='ltr'><strong>aut</strong></span> <span class='ocrx_word' id='word_1_86' title='bbox 624 1259 753 1320; x_wconf 86' lang='lat' dir='ltr'><strong>manus,</strong></span> <span class='ocrx_word' id='word_1_87' title='bbox 781 1237 902 1322; x_wconf 88' lang='lat' dir='ltr'><strong>scypho</strong></span> <span class='ocrx_word' id='word_1_88' title='bbox 925 1237 1044 1302; x_wconf 86' lang='lat' dir='ltr'><strong>fundus</strong></span> <span class='ocrx_word' id='word_1_89' title='bbox 1073 1241 1129 1301; x_wconf 92' lang='lat' dir='ltr'><strong>aut</strong></span> 
     </span>
     <span class='ocr_line' id='line_1_13' title="bbox 120 1325 1128 1410; baseline 0 -20"><span class='ocrx_word' id='word_1_90' title='bbox 120 1347 211 1410; x_wconf 84' lang='lat' dir='ltr'><strong>ansa,</strong></span> <span class='ocrx_word' id='word_1_91' title='bbox 234 1326 318 1390; x_wconf 81' lang='lat' dir='ltr'><strong>Iccio</strong></span> <span class='ocrx_word' id='word_1_92' title='bbox 341 1325 493 1408; x_wconf 88' lang='lat' dir='ltr'><strong>fulcrum,</strong></span> <span class='ocrx_word' id='word_1_93' title='bbox 515 1327 591 1389; x_wconf 81' lang='lat' dir='ltr'><strong>nari</strong></span> <span class='ocrx_word' id='word_1_94' title='bbox 614 1326 739 1408; x_wconf 87' lang='lat' dir='ltr'><strong>tabula,</strong></span> <span class='ocrx_word' id='word_1_95' title='bbox 763 1326 908 1390; x_wconf 87' lang='lat' dir='ltr'><strong>aedificio</strong></span> <span class='ocrx_word' id='word_1_96' title='bbox 932 1331 1128 1391; x_wconf 86' lang='lat' dir='ltr'><strong>cementum:</strong></span> 
     </span>
     <span class='ocr_line' id='line_1_14' title="bbox 119 1414 874 1496; baseline 0.003 -18"><span class='ocrx_word' id='word_1_97' title='bbox 119 1417 189 1478; x_wconf 89' lang='lat' dir='ltr'><strong>tota</strong></span> <span class='ocrx_word' id='word_1_98' title='bbox 213 1415 298 1478; x_wconf 91' lang='lat' dir='ltr'><strong>enim</strong></span> <span class='ocrx_word' id='word_1_99' title='bbox 323 1415 390 1478; x_wconf 86' lang='lat' dir='ltr'><strong>cius</strong></span> <span class='ocrx_word' id='word_1_100' title='bbox 414 1418 503 1496; x_wconf 89' lang='lat' dir='ltr'><strong>sunt,</strong></span> <span class='ocrx_word' id='word_1_101' title='bbox 527 1414 617 1478; x_wconf 88' lang='lat' dir='ltr'><strong>cuius</strong></span> <span class='ocrx_word' id='word_1_102' title='bbox 641 1416 715 1478; x_wconf 90' lang='lat' dir='ltr'><strong>ante</strong></span> <span class='ocrx_word' id='word_1_103' title='bbox 738 1414 874 1480; x_wconf 82' lang='lat' dir='ltr'><strong>fuerant.</strong></span> 
     </span>
    </p>

    <p class='ocr_par' dir='ltr' id='par_1_4' title="bbox 119 1501 1128 1852">
     <span class='ocr_line' id='line_1_15' title="bbox 210 1501 1128 1586; baseline 0 -20"><span class='ocrx_word' id='word_1_104' title='bbox 210 1504 259 1568; x_wconf 76' lang='lat'><strong>76.</strong></span> <span class='ocrx_word' id='word_1_105' title='bbox 289 1502 327 1566; x_wconf 90' lang='lat' dir='ltr'><strong>D.</strong></span> <span class='ocrx_word' id='word_1_106' title='bbox 344 1504 395 1586; x_wconf 88' lang='lat'><strong>10,</strong></span> <span class='ocrx_word' id='word_1_107' title='bbox 410 1504 439 1585; x_wconf 87' lang='lat'><strong>3,</strong></span> <span class='ocrx_word' id='word_1_108' title='bbox 454 1503 506 1567; x_wconf 82' lang='grc'><strong>27.</strong></span> <span class='ocrx_word' id='word_1_109' title='bbox 542 1501 661 1566; x_wconf 90' lang='lat' dir='ltr'><strong>Paulus</strong></span> <span class='ocrx_word' id='word_1_110' title='bbox 684 1503 767 1567; x_wconf 89' lang='lat' dir='ltr'><strong>libro</strong></span> <span class='ocrx_word' id='word_1_111' title='bbox 791 1506 888 1567; x_wconf 87' lang='lat' dir='ltr'><strong>tertio</strong></span> <span class='ocrx_word' id='word_1_112' title='bbox 913 1505 1128 1586; x_wconf 88' lang='lat' dir='ltr'><strong>epitomarum</strong></span> 
     </span>
     <span class='ocr_line' id='line_1_16' title="bbox 119 1585 1127 1678; baseline 0.001 -23"><span class='ocrx_word' id='word_1_113' title='bbox 119 1589 229 1656; x_wconf 83' lang='lat' dir='ltr'><strong>Alieni</strong></span> <span class='ocrx_word' id='word_1_114' title='bbox 252 1585 534 1677; x_wconf 64' lang='lat' dir='ltr'><strong>Digestorum&#39;ff.</strong></span> <span class='ocrx_word' id='word_1_115' title='bbox 555 1587 623 1678; x_wconf 83' lang='lat'><strong>50).</strong></span> <span class='ocrx_word' id='word_1_116' title='bbox 668 1589 716 1656; x_wconf 88' lang='lat' dir='ltr'><strong>De</strong></span> <span class='ocrx_word' id='word_1_117' title='bbox 743 1592 905 1656; x_wconf 91' lang='lat' dir='ltr'><strong>communi</strong></span> <span class='ocrx_word' id='word_1_118' title='bbox 929 1605 1021 1657; x_wconf 87' lang='lat' dir='ltr'><strong>servo</strong></span> <span class='ocrx_word' id='word_1_119' title='bbox 1043 1614 1127 1656; x_wconf 89' lang='lat' dir='ltr'><strong>unus</strong></span> 
     </span>
     <span class='ocr_line' id='line_1_17' title="bbox 120 1680 1128 1766; baseline -0.001 -22"><span class='ocrx_word' id='word_1_120' title='bbox 120 1702 159 1744; x_wconf 87' lang='lat' dir='ltr'><strong>ex</strong></span> <span class='ocrx_word' id='word_1_121' title='bbox 186 1681 282 1744; x_wconf 89' lang='lat' dir='ltr'><strong>sociis</strong></span> <span class='ocrx_word' id='word_1_122' title='bbox 312 1681 533 1765; x_wconf 87' lang='lat' dir='ltr'><strong>quaestionem</strong></span> <span class='ocrx_word' id='word_1_123' title='bbox 561 1680 680 1745; x_wconf 88' lang='lat' dir='ltr'><strong>habere</strong></span> <span class='ocrx_word' id='word_1_124' title='bbox 707 1680 771 1745; x_wconf 90' lang='lat' dir='ltr'><strong>nisi</strong></span> <span class='ocrx_word' id='word_1_125' title='bbox 799 1681 978 1745; x_wconf 88' lang='lat' dir='ltr'><strong>communis</strong></span> <span class='ocrx_word' id='word_1_126' title='bbox 1004 1681 1128 1766; x_wconf 86' lang='lat' dir='ltr'><strong>negotii</strong></span> 
     </span>
     <span class='ocr_line' id='line_1_18' title="bbox 120 1769 537 1852; baseline -0.005 -18"><span class='ocrx_word' id='word_1_127' title='bbox 120 1790 216 1834; x_wconf 83' lang='lat' dir='ltr'><strong>eausa</strong></span> <span class='ocrx_word' id='word_1_128' title='bbox 238 1769 307 1833; x_wconf 91' lang='lat' dir='ltr'><strong>iure</strong></span> <span class='ocrx_word' id='word_1_129' title='bbox 330 1790 396 1834; x_wconf 90' lang='lat' dir='ltr'><strong>non</strong></span> <span class='ocrx_word' id='word_1_130' title='bbox 420 1772 537 1852; x_wconf 86' lang='lat' dir='ltr'><strong>potest.</strong></span> 
     </span>
    </p>
   </div>
   <div class='ocr_carea' id='block_1_4' title="bbox 119 1880 1127 2134">
    <p class='ocr_par' dir='ltr' id='par_1_5' title="bbox 119 1880 1127 2134">
     <span class='ocr_line' id='line_1_19' title="bbox 208 1880 1126 1958; baseline 0.002 -20"><span class='ocrx_word' id='word_1_131' title='bbox 208 1880 255 1939; x_wconf 83' lang='lat' dir='ltr'><strong>Ex</strong></span> <span class='ocrx_word' id='word_1_132' title='bbox 285 1899 427 1958; x_wconf 89' lang='lat' dir='ltr'><strong>responso</strong></span> <span class='ocrx_word' id='word_1_133' title='bbox 456 1881 493 1939; x_wconf 91' lang='lat' dir='ltr'><strong>ab</strong></span> <span class='ocrx_word' id='word_1_134' title='bbox 522 1880 630 1940; x_wconf 87' lang='lat' dir='ltr'><strong>Alfeno</strong></span> <span class='ocrx_word' id='word_1_135' title='bbox 658 1882 754 1940; x_wconf 87' lang='lat' dir='ltr'><strong>relato</strong></span> <span class='ocrx_word' id='word_1_136' title='bbox 782 1880 911 1940; x_wconf 89' lang='lat' dir='ltr'><strong>Paulum</strong></span> <span class='ocrx_word' id='word_1_137' title='bbox 939 1885 1052 1940; x_wconf 87' lang='lat' dir='ltr'><strong>certum</strong></span> <span class='ocrx_word' id='word_1_138' title='bbox 1080 1881 1126 1940; x_wconf 88' lang='lat' dir='ltr'><strong>ius</strong></span> 
     </span>
     <span class='ocr_line' id='line_1_20' title="bbox 119 1963 1127 2046; baseline 0 -18"><span class='ocrx_word' id='word_1_139' title='bbox 119 1969 225 2030; x_wconf 86' lang='lat' dir='ltr'><strong>fecisse</strong></span> <span class='ocrx_word' id='word_1_140' title='bbox 250 1973 281 2029; x_wconf 87' lang='lat' dir='ltr'><strong>et</strong></span> <span class='ocrx_word' id='word_1_141' title='bbox 301 1971 443 2030; x_wconf 85' lang='lat' dir='ltr'><strong>Alfenum</strong></span> <span class='ocrx_word' id='word_1_142' title='bbox 467 1969 508 2029; x_wconf 90' lang='lat' dir='ltr'><strong>sic</strong></span> <span class='ocrx_word' id='word_1_143' title='bbox 531 1971 593 2029; x_wconf 87' lang='lat' dir='ltr'><strong>fere</strong></span> <span class='ocrx_word' id='word_1_144' title='bbox 617 1970 770 2046; x_wconf 80' lang='lat' dir='ltr'><strong>scripsisse</strong></span> <span class='ocrx_word' id='word_1_145' title='bbox 793 1972 881 2046; x_wconf 87' lang='lat' dir='ltr'><strong>puto:</strong></span> <span class='ocrx_word' id='word_1_146' title='bbox 906 1963 1127 2028; x_wconf 74' lang='lat' dir='ltr'><strong>‘decommum</strong></span> 
     </span>
     <span class='ocr_line' id='line_1_21' title="bbox 120 2051 986 2134; baseline 0 -16"><span class='ocrx_word' id='word_1_147' title='bbox 120 2077 206 2118; x_wconf 86' lang='lat' dir='ltr'><strong>servo</strong></span> <span class='ocrx_word' id='word_1_148' title='bbox 229 2078 323 2117; x_wconf 91' lang='lat' dir='ltr'><strong>unum</strong></span> <span class='ocrx_word' id='word_1_149' title='bbox 348 2105 376 2118; x_wconf 94' lang='lat'><strong>..</strong></span> <span class='ocrx_word' id='word_1_150' title='bbox 399 2059 466 2117; x_wconf 89' lang='lat' dir='ltr'><strong>iure</strong></span> <span class='ocrx_word' id='word_1_151' title='bbox 488 2078 549 2118; x_wconf 90' lang='lat' dir='ltr'><strong>non</strong></span> <span class='ocrx_word' id='word_1_152' title='bbox 565 2077 653 2133; x_wconf 81' lang='lat' dir='ltr'><strong>posse</strong></span> <span class='ocrx_word' id='word_1_153' title='bbox 674 2058 793 2119; x_wconf 79' lang='lat' dir='ltr'><strong>Seruios</strong></span> <span class='ocrx_word' id='word_1_154' title='bbox 816 2051 986 2134; x_wconf 59' lang='lat' dir='ltr'><strong>respondit.</strong></span> 
     </span>
    </p>
   </div>
   <div class='ocr_carea' id='block_1_5' title="bbox 500 2237 752 2310">
    <p class='ocr_par' dir='ltr' id='par_1_6' title="bbox 500 2237 752 2310">
     <span class='ocr_line' id='line_1_22' title="bbox 500 2237 752 2310; baseline 0.008 -16"><span class='ocrx_word' id='word_1_155' title='bbox 500 2237 547 2294; x_wconf 86' lang='lat' dir='ltr'><strong>Dc</strong></span> <span class='ocrx_word' id='word_1_156' title='bbox 568 2239 752 2310; x_wconf 77' lang='lat' dir='ltr'><strong>usucapione.</strong></span> 
     </span>
    </p>
   </div>
   <div class='ocr_carea' id='block_1_6' title="bbox 63 2353 1129 3504">
    <p class='ocr_par' dir='ltr' id='par_1_7' title="bbox 120 2353 1128 2686">
     <span class='ocr_line' id='line_1_23' title="bbox 210 2353 1128 2440; baseline 0.001 -23"><span class='ocrx_word' id='word_1_157' title='bbox 210 2355 260 2419; x_wconf 77' lang='lat'><strong>77.</strong></span> <span class='ocrx_word' id='word_1_158' title='bbox 288 2353 327 2418; x_wconf 92' lang='lat' dir='ltr'><strong>D.</strong></span> <span class='ocrx_word' id='word_1_159' title='bbox 345 2355 398 2436; x_wconf 88' lang='lat'><strong>41,</strong></span> <span class='ocrx_word' id='word_1_160' title='bbox 416 2356 447 2436; x_wconf 89' lang='lat'><strong>4,</strong></span> <span class='ocrx_word' id='word_1_161' title='bbox 465 2355 496 2439; x_wconf 79' lang='grc'><strong>2,</strong></span> <span class='ocrx_word' id='word_1_162' title='bbox 515 2355 544 2420; x_wconf 91' lang='grc'><strong>8.</strong></span> <span class='ocrx_word' id='word_1_163' title='bbox 584 2355 705 2420; x_wconf 90' lang='lat' dir='ltr'><strong>Paulus</strong></span> <span class='ocrx_word' id='word_1_164' title='bbox 728 2355 811 2420; x_wconf 86' lang='lat' dir='ltr'><strong>libro</strong></span> <span class='ocrx_word' id='word_1_165' title='bbox 836 2355 1128 2440; x_wconf 80' lang='lat' dir='ltr'><strong>quinquagensimo</strong></span> 
     </span>
     <span class='ocr_line' id='line_1_24' title="bbox 121 2439 1128 2530; baseline -0.001 -23"><span class='ocrx_word' id='word_1_166' title='bbox 121 2446 236 2528; x_wconf 90' lang='lat' dir='ltr'><strong>quarto</strong></span> <span class='ocrx_word' id='word_1_167' title='bbox 257 2443 297 2507; x_wconf 90' lang='lat' dir='ltr'><strong>ad</strong></span> <span class='ocrx_word' id='word_1_168' title='bbox 314 2443 454 2508; x_wconf 91' lang='lat' dir='ltr'><strong>edictum</strong></span> <span class='ocrx_word' id='word_1_169' title='bbox 469 2440 518 2529; x_wconf 81' lang='lat' dir='ltr'><strong>(P.</strong></span> <span class='ocrx_word' id='word_1_170' title='bbox 530 2439 632 2530; x_wconf 69' lang='lat'><strong>684²).</strong></span> <span class='ocrx_word' id='word_1_171' title='bbox 665 2443 768 2509; x_wconf 84' lang='lat' dir='ltr'><strong>Tutor</strong></span> <span class='ocrx_word' id='word_1_172' title='bbox 788 2467 826 2508; x_wconf 87' lang='lat' dir='ltr'><strong>ex</strong></span> <span class='ocrx_word' id='word_1_173' title='bbox 845 2443 961 2528; x_wconf 89' lang='lat' dir='ltr'><strong>pupilli</strong></span> <span class='ocrx_word' id='word_1_174' title='bbox 979 2445 1128 2508; x_wconf 85' lang='lat' dir='ltr'><strong>auctione</strong></span> 
     </span>
     <span class='ocr_line' id='line_1_25' title="bbox 120 2531 1127 2642; baseline -0.002 -46"><span class='ocrx_word' id='word_1_175' title='bbox 120 2554 197 2642; x_wconf 75' lang='lat' dir='ltr'><strong>rqm,</strong></span> <span class='ocrx_word' id='word_1_176' title='bbox 222 2553 318 2616; x_wconf 88' lang='lat' dir='ltr'><strong>quam</strong></span> <span class='ocrx_word' id='word_1_177' title='bbox 342 2533 409 2596; x_wconf 86' lang='lat' dir='ltr'><strong>eius</strong></span> <span class='ocrx_word' id='word_1_178' title='bbox 433 2532 570 2615; x_wconf 88' lang='lat' dir='ltr'><strong>putabat</strong></span> <span class='ocrx_word' id='word_1_179' title='bbox 593 2554 671 2615; x_wconf 86' lang='lat' dir='ltr'><strong>esse,</strong></span> <span class='ocrx_word' id='word_1_180' title='bbox 696 2535 781 2598; x_wconf 89' lang='lat' dir='ltr'><strong>emit.</strong></span> <span class='ocrx_word' id='word_1_181' title='bbox 819 2531 948 2596; x_wconf 87' lang='lat' dir='ltr'><strong>Servius</strong></span> <span class='ocrx_word' id='word_1_182' title='bbox 967 2532 1014 2595; x_wconf 91' lang='lat' dir='ltr'><strong>ait</strong></span> <span class='ocrx_word' id='word_1_183' title='bbox 1031 2553 1127 2616; x_wconf 89' lang='lat' dir='ltr'><strong>posse</strong></span> 
     </span>
     <span class='ocr_line' id='line_1_26' title="bbox 121 2642 399 2686; baseline -0.004 0"><span class='ocrx_word' id='word_1_184' title='bbox 121 2643 192 2686; x_wconf 86' lang='lat' dir='ltr'><strong>eum</strong></span> <span class='ocrx_word' id='word_1_185' title='bbox 216 2642 315 2685; x_wconf 91' lang='lat' dir='ltr'><strong>usuoa</strong></span> <span class='ocrx_word' id='word_1_186' title='bbox 339 2642 399 2685; x_wconf 88' lang='lat' dir='ltr'><strong>ere.</strong></span> 
     </span>
    </p>

    <p class='ocr_par' dir='ltr' id='par_1_8' title="bbox 63 2643 1127 2793">
     <span class='ocr_line' id='line_1_27' title="bbox 63 2643 1127 2793; baseline -0.004 -19"><span class='ocrx_word' id='word_1_187' title='bbox 63 2787 66 2792; x_wconf 15' lang='grc' dir='ltr'><strong>Δ</strong></span> <span class='ocrx_word' id='word_1_188' title='bbox 211 2709 261 2774; x_wconf 80' lang='lat'><strong>78.</strong></span> <span class='ocrx_word' id='word_1_189' title='bbox 284 2643 488 2793; x_wconf 78' lang='lat' dir='ltr'><strong>D.p41,3,34.</strong></span> <span class='ocrx_word' id='word_1_190' title='bbox 520 2707 657 2773; x_wconf 86' lang='lat' dir='ltr'><strong>Alfenus</strong></span> <span class='ocrx_word' id='word_1_191' title='bbox 673 2707 779 2773; x_wconf 91' lang='lat' dir='ltr'><strong>Varus</strong></span> <span class='ocrx_word' id='word_1_192' title='bbox 802 2708 886 2772; x_wconf 91' lang='lat' dir='ltr'><strong>libro</strong></span> <span class='ocrx_word' id='word_1_193' title='bbox 905 2708 1010 2792; x_wconf 89' lang='lat' dir='ltr'><strong>primo</strong></span> <span class='ocrx_word' id='word_1_194' title='bbox 1030 2707 1127 2792; x_wconf 82' lang='lat' dir='ltr'><strong>Dige-</strong></span> 
     </span>
    </p>

    <p class='ocr_par' dir='ltr' id='par_1_9' title="bbox 120 2794 1129 3060">
     <span class='ocr_line' id='line_1_28' title="bbox 121 2794 1129 2883; baseline -0.002 -21"><span class='ocrx_word' id='word_1_195' title='bbox 121 2804 244 2862; x_wconf 82' lang='lat' dir='ltr'><strong>storum</strong></span> <span class='ocrx_word' id='word_1_196' title='bbox 268 2820 287 2862; x_wconf 90' lang='lat' dir='ltr'><strong>a</strong></span> <span class='ocrx_word' id='word_1_197' title='bbox 310 2797 410 2863; x_wconf 90' lang='lat' dir='ltr'><strong>Paulo</strong></span> <span class='ocrx_word' id='word_1_198' title='bbox 435 2798 685 2882; x_wconf 85' lang='lat' dir='ltr'><strong>epitomatorum</strong></span> <span class='ocrx_word' id='word_1_199' title='bbox 708 2795 755 2881; x_wconf 88' lang='lat' dir='ltr'><strong>(P.</strong></span> <span class='ocrx_word' id='word_1_200' title='bbox 778 2794 843 2883; x_wconf 85' lang='grc'><strong>32).</strong></span> <span class='ocrx_word' id='word_1_201' title='bbox 890 2795 924 2862; x_wconf 87' lang='lat' dir='ltr'><strong>Si</strong></span> <span class='ocrx_word' id='word_1_202' title='bbox 948 2818 1058 2862; x_wconf 85' lang='lat' dir='ltr'><strong>servus</strong></span> <span class='ocrx_word' id='word_1_203' title='bbox 1081 2795 1129 2860; x_wconf 89' lang='lat' dir='ltr'><strong>in-</strong></span> 
     </span>
     <span class='ocr_line' id='line_1_29' title="bbox 121 2886 1127 2972; baseline -0.001 -21"><span class='ocrx_word' id='word_1_204' title='bbox 121 2887 241 2952; x_wconf 81' lang='lat' dir='ltr'><strong>sciente</strong></span> <span class='ocrx_word' id='word_1_205' title='bbox 264 2887 395 2951; x_wconf 87' lang='lat' dir='ltr'><strong>domino</strong></span> <span class='ocrx_word' id='word_1_206' title='bbox 419 2908 487 2951; x_wconf 92' lang='lat' dir='ltr'><strong>rem</strong></span> <span class='ocrx_word' id='word_1_207' title='bbox 507 2886 703 2972; x_wconf 80' lang='lat' dir='ltr'><strong>peculiarem</strong></span> <span class='ocrx_word' id='word_1_208' title='bbox 721 2886 927 2969; x_wconf 82' lang='lat' dir='ltr'><strong>vendidisset,</strong></span> <span class='ocrx_word' id='word_1_209' title='bbox 950 2889 1127 2969; x_wconf 85' lang='lat' dir='ltr'><strong>emptorem</strong></span> 
     </span>
     <span class='ocr_line' id='line_1_30' title="bbox 120 2997 422 3060; baseline 0 -20"><span class='ocrx_word' id='word_1_210' title='bbox 120 2997 295 3058; x_wconf 84' lang='lat' dir='ltr'><strong>usucapere</strong></span> <span class='ocrx_word' id='word_1_211' title='bbox 317 2997 422 3060; x_wconf 88' lang='lat' dir='ltr'><strong>posse.</strong></span> 
     </span>
    </p>

    <p class='ocr_par' dir='ltr' id='par_1_10' title="bbox 120 3063 1128 3504">
     <span class='ocr_line' id='line_1_31' title="bbox 210 3063 1126 3150; baseline 0 -22"><span class='ocrx_word' id='word_1_212' title='bbox 210 3064 262 3129; x_wconf 79' lang='lat'><strong>79.</strong></span> <span class='ocrx_word' id='word_1_213' title='bbox 285 3063 324 3128; x_wconf 91' lang='lat' dir='ltr'><strong>D.</strong></span> <span class='ocrx_word' id='word_1_214' title='bbox 339 3065 392 3147; x_wconf 87' lang='lat'><strong>41,</strong></span> <span class='ocrx_word' id='word_1_215' title='bbox 406 3065 435 3147; x_wconf 74' lang='grc' dir='ltr'><strong>ὃ,</strong></span> <span class='ocrx_word' id='word_1_216' title='bbox 450 3065 480 3149; x_wconf 85' lang='grc'><strong>2,</strong></span> <span class='ocrx_word' id='word_1_217' title='bbox 495 3065 524 3128; x_wconf 92' lang='grc'><strong>2.</strong></span> <span class='ocrx_word' id='word_1_218' title='bbox 564 3064 708 3130; x_wconf 90' lang='lat' dir='ltr'><strong>Iulianus</strong></span> <span class='ocrx_word' id='word_1_219' title='bbox 731 3064 815 3128; x_wconf 90' lang='lat' dir='ltr'><strong>libro</strong></span> <span class='ocrx_word' id='word_1_220' title='bbox 838 3065 1126 3150; x_wconf 84' lang='lat' dir='ltr'><strong>quinquagensimo</strong></span> 
     </span>
     <span class='ocr_line' id='line_1_32' title="bbox 123 3149 1128 3240; baseline -0.003 -23"><span class='ocrx_word' id='word_1_221' title='bbox 123 3156 239 3237; x_wconf 89' lang='lat' dir='ltr'><strong>quarto</strong></span> <span class='ocrx_word' id='word_1_222' title='bbox 262 3152 472 3238; x_wconf 83' lang='lat' dir='ltr'><strong>Digestorum</strong></span> <span class='ocrx_word' id='word_1_223' title='bbox 492 3149 541 3238; x_wconf 90' lang='lat' dir='ltr'><strong>(P.</strong></span> <span class='ocrx_word' id='word_1_224' title='bbox 559 3151 648 3240; x_wconf 90' lang='grc'><strong>620).</strong></span> <span class='ocrx_word' id='word_1_225' title='bbox 687 3152 807 3217; x_wconf 86' lang='lat' dir='ltr'><strong>Filium</strong></span> <span class='ocrx_word' id='word_1_226' title='bbox 830 3202 859 3219; x_wconf 88' lang='lat'><strong>..</strong></span> <span class='ocrx_word' id='word_1_227' title='bbox 885 3153 1036 3218; x_wconf 88' lang='lat' dir='ltr'><strong>donatam</strong></span> <span class='ocrx_word' id='word_1_228' title='bbox 1059 3173 1128 3215; x_wconf 87' lang='lat' dir='ltr'><strong>rem</strong></span> 
     </span>
     <span class='ocr_line' id='line_1_33' title="bbox 121 3239 1128 3328; baseline -0.004 -22"><span class='ocrx_word' id='word_1_229' title='bbox 121 3265 140 3306; x_wconf 91' lang='lat' dir='ltr'><strong>a</strong></span> <span class='ocrx_word' id='word_1_230' title='bbox 163 3245 255 3325; x_wconf 87' lang='lat' dir='ltr'><strong>patre</strong></span> <span class='ocrx_word' id='word_1_231' title='bbox 278 3263 338 3325; x_wconf 89' lang='lat' dir='ltr'><strong>pro</strong></span> <span class='ocrx_word' id='word_1_232' title='bbox 361 3241 477 3306; x_wconf 88' lang='lat' dir='ltr'><strong>herede</strong></span> <span class='ocrx_word' id='word_1_233' title='bbox 500 3243 630 3328; x_wconf 84' lang='lat' dir='ltr'><strong>negavit</strong></span> <span class='ocrx_word' id='word_1_234' title='bbox 653 3263 826 3326; x_wconf 86' lang='lat' dir='ltr'><strong>usucapere</strong></span> <span class='ocrx_word' id='word_1_235' title='bbox 846 3239 982 3324; x_wconf 78' lang='lat' dir='ltr'><strong>Servius,</strong></span> <span class='ocrx_word' id='word_1_236' title='bbox 1005 3240 1128 3306; x_wconf 88' lang='lat' dir='ltr'><strong>scilicet</strong></span> 
     </span>
     <span class='ocr_line' id='line_1_34' title="bbox 121 3329 1126 3415; baseline -0.003 -21"><span class='ocrx_word' id='word_1_237' title='bbox 121 3332 177 3414; x_wconf 91' lang='lat' dir='ltr'><strong>qui</strong></span> <span class='ocrx_word' id='word_1_238' title='bbox 210 3329 419 3396; x_wconf 84' lang='lat' dir='ltr'><strong>existimabat</strong></span> <span class='ocrx_word' id='word_1_239' title='bbox 450 3333 631 3396; x_wconf 85' lang='lat' dir='ltr'><strong>naturalem</strong></span> <span class='ocrx_word' id='word_1_240' title='bbox 660 3331 899 3415; x_wconf 88' lang='lat' dir='ltr'><strong>possessionem</strong></span> <span class='ocrx_word' id='word_1_241' title='bbox 926 3350 1024 3414; x_wconf 90' lang='lat' dir='ltr'><strong>penes</strong></span> <span class='ocrx_word' id='word_1_242' title='bbox 1054 3349 1126 3391; x_wconf 89' lang='lat' dir='ltr'><strong>eum</strong></span> 
     </span>
     <span class='ocr_line' id='line_1_35' title="bbox 120 3419 442 3504; baseline 0.003 -22"><span class='ocrx_word' id='word_1_243' title='bbox 120 3419 220 3484; x_wconf 87' lang='lat' dir='ltr'><strong>fuisse</strong></span> <span class='ocrx_word' id='word_1_244' title='bbox 243 3420 317 3484; x_wconf 88' lang='lat' dir='ltr'><strong>vivo</strong></span> <span class='ocrx_word' id='word_1_245' title='bbox 340 3423 442 3504; x_wconf 89' lang='lat' dir='ltr'><strong>patre.</strong></span> 
     </span>
    </p>
   </div>
   <div class='ocr_carea' id='block_1_7' title="bbox 212 3523 797 3608">
    <p class='ocr_par' dir='ltr' id='par_1_11' title="bbox 212 3523 797 3608">
     <span class='ocr_line' id='line_1_36' title="bbox 212 3523 797 3608; baseline 0.002 -19"><span class='ocrx_word' id='word_1_246' title='bbox 212 3532 247 3589; x_wconf 86' lang='lat' dir='ltr'><strong>ef.</strong></span> <span class='ocrx_word' id='word_1_247' title='bbox 272 3549 363 3606; x_wconf 90' lang='lat' dir='ltr'><strong>supra</strong></span> <span class='ocrx_word' id='word_1_248' title='bbox 387 3525 436 3590; x_wconf 73' lang='lat' dir='ltr'><strong>‘ad</strong></span> <span class='ocrx_word' id='word_1_249' title='bbox 459 3531 555 3608; x_wconf 85' lang='lat' dir='ltr'><strong>legem</strong></span> <span class='ocrx_word' id='word_1_250' title='bbox 579 3523 723 3590; x_wconf 85' lang='lat' dir='ltr'><strong>Oineiam’</strong></span> <span class='ocrx_word' id='word_1_251' title='bbox 749 3533 797 3590; x_wconf 79' lang='lat'><strong>70.</strong></span> 
     </span>
    </p>
   </div>
   <div class='ocr_carea' id='block_1_8' title="bbox 0 0 1301 3908">
    <p class='ocr_par' dir='ltr' id='par_1_12' title="bbox 0 0 1301 3908">
     <span class='ocr_line' id='line_1_37' title="bbox 0 0 1301 3908; baseline 0 0"><span class='ocrx_word' id='word_1_252' title='bbox 0 0 1301 3908; x_wconf 95' lang='lat' dir='ltr'><strong> </strong></span> 
     </span>
    </p>
   </div>
  </div>
 </body>
</html>
