2600 3908
165 178 229 243 106
270 180 303 234 V.
326 177 470 233 SEPTIMI
484 179 579 234 SAEC.
595 180 693 237 IURIS
710 180 885 237 CONSULT.
901 183 1026 238 saulus
1040 183 1175 240 TERTIA

390 401 430 483 2.
469 407 504 480 0.
528 408 589 482 vel
618 409 657 480 Τ.
681 409 944 484 IUVENTIUS

249 561 433 638 Pomponius
457 559 477 636 ξ
497 564 539 620 42
563 555 668 621 ‘Mucii
690 561 843 622 auditores
865 565 989 624 fuerunt
1008 611 1014 623 .
1030 609 1059 624 ..
1079 567 1172 627 Gaius

160 643 338 712 Iuventius'.
382 650 475 728 idem,
503 653 539 710 ut
561 651 695 727 videtur,
724 654 813 728 atque
838 653 871 712 T.
889 653 1058 732 Iuventius,
1082 675 1172 732 quem

160 740 264 800 Cicero
299 738 405 799 laudat
441 739 527 798 Brut.
553 741 616 799 178
655 734 703 798 ‘in
738 741 842 800 eodem
874 761 981 819 genere
1013 761 1172 805 causarum

160 830 291 888 multum
317 831 383 887 erat
411 828 444 888 T.
469 828 639 902 Iuventius,
666 829 755 888 nimis
782 829 835 888 ille
863 831 983 907 quidem
1010 833 1112 892 lentus
1139 835 1172 893 in

159 917 283 978 dicendo
307 921 337 976 et
358 936 452 993 paene
475 916 615 993 frigidus,
639 917 691 976 sed
714 921 744 976 et
767 918 894 978 callidus
917 923 949 980 et
971 921 1003 980 in
1026 922 1171 998 capiendo

159 1006 329 1068 adversario
352 1008 501 1082 versutus,
528 1008 559 1065 et
580 1009 737 1082 praeterea
758 1025 812 1066 nec
835 1007 982 1084 indoctus,
1005 1012 1038 1068 et
1060 1030 1171 1088 magna

158 1115 227 1156 oum
240 1095 315 1154 iuris
330 1094 424 1155 civilis
439 1089 662 1170 intelligentia'.
688 1097 749 1154 179
762 1089 860 1156 ‘cuius
874 1097 994 1158 auditor
1006 1099 1038 1158 P.
1049 1097 1169 1178 Orbius,

157 1203 241 1244 meus
263 1183 326 1243 fere
349 1183 482 1261 aequalis
506 1177 574 1244 ...'
616 1184 652 1243 cf.
677 1183 757 1243 infra
778 1183 816 1261 V,
836 1187 863 1244 6.
905 1186 1008 1264 itaque
1032 1189 1058 1247 si
1080 1208 1168 1264 prae·

157 1277 309 1350 captorem
335 1273 445 1348 viginti
472 1273 535 1332 fere
563 1272 649 1332 annis
676 1275 750 1332 natu
777 1274 921 1334 maiorem
948 1276 1040 1336 fuisse
1069 1281 1170 1354 putas,

156 1362 314 1422 Iuventius
333 1362 412 1421 circa
434 1379 460 1422 a.
477 1355 624 1441 osellae
648 1364 738 1421 natus
757 1365 826 1422 ante
845 1381 872 1422 a.
890 1359 1016 1443 672s82
1035 1365 1170 1426 Mucium

157 1451 261 1511 audiit.

245 1540 426 1616 Pomponius
462 1538 636 1599 Iuventium
676 1539 756 1598 inter
797 1559 847 1600 eos
884 1541 977 1601 Mucii
1013 1543 1167 1604 auditores

154 1632 306 1705 numerat,
339 1629 391 1706 qui
419 1622 612 1706 ‘praecipuae
640 1629 831 1688 auctoritatis
858 1624 1004 1708 fuerunt,
1037 1651 1166 1711 eumque

156 1719 247 1778 etiam
269 1718 363 1778 libros
387 1717 540 1794 scripsisse
563 1716 688 1794 indicat3
711 1735 782 1776 nam
799 1718 844 1777 ita
863 1720 1027 1780 concludit:
1051 1715 1166 1782 ‘omnes

244 1808 277 1866 hi
306 1827 324 1867 a
352 1807 455 1868 Servio
484 1805 615 1882 Sulpicio
649 1807 855 1885 nominantur,
887 1808 1023 1885 alioquin
1051 1829 1106 1886 per
1134 1829 1165 1870 se

156 1917 258 1957 eorum
286 1897 398 1974 scripta
424 1913 482 1954 non
510 1894 586 1953 talia
614 1896 745 1968 exstant,
772 1888 824 1953 ut'
849 1897 901 1956 rel.
948 1900 980 1957 at
1002 1917 1097 1976 neque
1122 1919 1167 1960 re-

154 2006 296 2064 sponsum
320 2004 416 2062 neque
438 1983 584 2042 librorum
606 1984 809 2060 fragmentum
833 1985 980 2044 traditum
1003 1991 1056 2046 est.

579 2175 738 2182 ---.

395 2313 434 2396 3.
472 2319 511 2391 L.
539 2318 698 2417 IULIUS
726 2318 929 2392 CAESARt

241 2473 370 2532 fortasse
388 2471 484 2531 frater
501 2471 598 2531 maior
616 2475 691 2530 natu
709 2471 744 2532 L.
758 2471 779 2530 J
780 2472 834 2531 ulii
853 2471 987 2534 Caesaris
1008 2473 1164 2536 Strabonis

152 2560 301 2638 pontificis
325 2553 615 2642 (Teuffel-Schwabe
639 2558 749 2637 5153,
764 2553 808 2639 3),
830 2561 895 2638 ipse
919 2581 977 2622 cos.
998 2558 1124 2643 664s90,
1146 2585 1165 2624 a

152 2651 295 2714 Marianis
316 2646 431 2729 cessar
457 2669 523 2710 oum
548 2651 641 2710 fratre
665 2649 718 2710 illo
742 2650 857 2711 occisus
877 2643 1164 2732 (Teuffel-Schwabe

152 2738 172 2816 ἓ
193 2744 265 2814 199,
290 2732 334 2821 3).
374 2740 409 2800 L.
433 2737 542 2799 Caesar
565 2739 647 2799 Festi
675 2741 706 2798 et
729 2739 876 2800 Prisciani
903 2745 983 2800 certe
1011 2741 1090 2802 idem
1116 2745 1164 2802 est

152 2833 243 2906 atque
265 2829 362 2888 Iulius
386 2827 496 2888 Caesar
517 2827 669 2888 Macrobii.

322 3022 527 3101 Augurales
551 3023 600 3082 vel
623 3021 871 3098 auspiciorum
895 3023 991 3084 libri.

548 3153 658 3213 Liber
680 3153 760 3214 XVI.

241 3278 268 3342 1.
289 3273 431 3340 Macrob.
450 3277 509 3340 sat.
530 3274 691 3357 1,16,29.
727 3311 765 3320 —
799 3273 902 3340 Iulius
925 3274 1045 3343 Caesar
1068 3283 1160 3343 sexto

151 3365 274 3430 decimo
303 3363 520 3448 auspiciorum
547 3363 632 3428 libro
658 3367 770 3449 negat,
798 3364 952 3429 nundinis
975 3365 1160 3431 contionem

151 3454 302 3521 advocari
324 3475 432 3538 posse,
455 3453 488 3518 id
512 3457 569 3535 est,
592 3473 664 3517 cum
688 3453 809 3536 populo
833 3453 900 3538 agi,
923 3453 1058 3538 ideoque
1081 3477 1162 3519 nuu-

149 3545 232 3610 dinis
256 3545 475 3610 Romanorum
500 3542 614 3607 haberi
637 3542 770 3608 comitia
792 3564 858 3607 non
881 3563 986 3625 posse.
