2614 3914
479 195 506 244 2.
529 188 645 244 AULUS
666 188 804 244 OPILIUS
862 220 863 223 ¹
1080 191 1143 255 347

225 356 338 416 Errant
370 357 421 434 qui
454 357 617 416 secundum
649 376 767 434 quoqne
798 357 873 416 iuris
900 358 1007 433 partiti
1033 359 1144 418 librum

135 445 223 506 citari
245 448 368 522 putant:
396 439 497 504 ‘idem'
522 447 613 521 enim,
637 465 724 522 quem
748 440 836 504 ‘libro
861 440 999 506 secundo'
1023 447 1144 506 arbores

134 534 267 594 nondum
295 534 427 594 concisas
453 534 482 592 ei
504 535 621 612 legatas
644 552 707 594 esse
731 534 877 610 Ulpianus
901 526 951 615 (D.
967 537 1022 612 32,
1038 537 1094 613 55,
1110 527 1144 617 2)
1249 579 1251 582 -

134 641 246 700 negare
270 623 355 701 dicit,
378 623 427 682 eui
449 623 531 700 ligna
553 624 656 698 legata
678 623 752 700 sint,
775 642 835 682 non
858 621 964 683 Ofilius
987 626 1041 702 est,
1065 625 1145 702 quod

135 712 184 772 vel
206 711 299 771 Lenel
322 712 355 773 P.
377 715 415 772 19
441 712 561 788 statuit,
585 711 637 770 sed
660 710 693 781 O.
711 711 837 772 Mucius.

223 799 259 859 In
277 800 363 860 libris
383 800 470 876 enim,
494 818 568 877 quos
587 799 735 875 Ulpianus
755 800 792 860 ad
812 799 955 860 Sabinum
974 801 1102 878 scripsit,
1125 820 1144 860 a

135 889 251 948 decimo
273 889 377 967 quinto
395 907 490 966 usque
510 889 548 948 ad
566 889 740 949 vicesimum
759 889 906 967 quintum,
928 890 960 948 16
979 889 1088 967 quibus
1107 889 1143 948 de

134 977 245 1054 legatis
264 996 360 1037 sermo
380 981 425 1037 est
444 968 492 1058 (P.
508 971 751 1058 2531-2662),
770 981 801 1036 61
820 977 853 1047 Q.
868 978 984 1038 Mucius
1002 996 1144 1038 6661616

133 1066 279 1126 laudatur
302 1058 350 1148 (P.
370 1059 480 1128 fiblbb.
500 1068 595 1127 2595.
616 1068 711 1144 2606,
726 1069 754 1127 9.
774 1069 869 1127 2641.
890 1061 990 1146 2619)
1014 1069 1045 1126 61
1067 1066 1145 1126 11661

134 1156 198 1215 eiua
234 1155 380 1214 secundus
398 1155 482 1216 ‚iuris
511 1155 607 1215 civilis
635 1155 681 1215 bis
709 1148 756 1234 (P.
776 1156 871 1216 2641.
900 1148 1010 1237 2676).
1059 1155 1144 1232 61166

132 1245 338 1321 fragmentum
369 1262 404 1302 ex
431 1243 553 1320 Ulpiani
580 1245 657 1304 libro
684 1243 787 1320 XXII,
818 1244 968 1320 posterius
1001 1263 1037 1304 ex
1066 1245 1143 1304 libro

133 1332 267 1392 XXVIII
294 1333 486 1409 desumptum
515 1335 574 1410 est;
603 1333 680 1393 illud
707 1331 743 1391 de
769 1351 848 1408 penu
877 1333 991 1410 legata,
1021 1333 1077 1393 hoc
1108 1333 1144 1392 de

133 1421 217 1499 ligno
245 1422 345 1498 legato
373 1425 428 1481 est.
473 1416 569 1500 ‘ligna
591 1424 621 1480 61
644 1421 787 1481 carbones
810 1424 968 1498 ceteraque
992 1442 1045 1496 661
1067 1441 1143 1500 quae

6 1545 7 1562 .
134 1527 230 1587 penus
249 1510 452 1588 conficeretur,
475 1529 514 1569 an
532 1511 636 1586 penori
652 1510 753 1608 legato
773 1505 1002 1588 contineantur',
1026 1513 1143 1570 avete·

6 1671 7 1682 ,
134 1599 220 1658 11666
249 1599 463 1676 quaerebatur,
492 1593 535 1658 ‘et
562 1597 692 1668 Quintus
719 1597 836 1658 Mucius
865 1601 896 1657 et
919 1597 1026 1658 Ofilius
1052 1617 1143 1676 nega·

134 1681 253 1748 verunt'
276 1680 326 1768 (D.
342 1689 393 1764 33,
409 1689 437 1763 9,
453 1688 481 1765 3,
498 1691 515 1747 9
540 1687 657 1762 Ulpian.
677 1687 707 1745 P.
725 1682 833 1763 2641).

6 1769 7 1800 r
223 1775 256 1838 P.
272 1778 355 1836 2679
376 1795 447 1836 vero
468 1776 542 1836 haee
561 1775 726 1834 adduntur:
750 1770 838 1852 ‘ligni
856 1775 1017 1853 appellatio
1035 1795 1144 1836 nornen

6 1823 7 1864 ἶ
134 1865 273 1942 generale
292 1868 338 1925 est
356 1912 363 1926 .
378 1909 407 1924 ..
427 1867 457 1924 61
472 1863 600 1934 Quintus
615 1865 731 1924 Mucius
749 1864 827 1924 libro
846 1864 974 1924 seeundo
992 1865 1141 1924 refert...

135 1946 185 2034 (1)
202 1951 307 2012 Ofilius
326 1972 443 2030 quoque
461 1952 539 2013 libro
558 1953 662 2029 quinto
681 1953 756 2013 iuris
775 1952 881 2029 partiti
899 1953 944 2012 116
963 1953 1141 2028 scripsit

136 2035 188 2124 (2)
221 2042 304 2101 Idem
336 2041 415 2102 llbro
445 2042 572 2102 secundo
602 2045 693 2120 negat
828 2033 878 2122 (7)
907 2041 932 2100 si
958 2041 1076 2120 lignum
1103 2042 1143 2102 sit

133 2134 273 2207 paratum
305 2131 343 2190 ad
375 2131 517 2190 carbones
545 2131 711 2206 coquendas
739 2133 830 2208 atque
857 2129 1067 2207 conficiendas,
1100 2131 1143 2190 ait

134 2219 240 2279 Ofilius
267 2219 344 2278 libro
375 2219 479 2297 quinto
509 2219 584 2279 iuris
613 2219 720 2294 partiti
749 2220 912 2279 carbonum
942 2219 1142 2295 appellatione

6 2315 7 2328 ¹
133 2308 304 2370 huiusmodi
327 2308 484 2366 materiam
506 2326 567 2367 non
590 2307 749 2384 contineri;
772 2307 824 2367 sed
847 2327 885 2366 an
907 2301 1093 2385 lignornmfi'

223 2396 281 2467 Oui
303 2398 342 2457 ad
364 2396 474 2456 librum
497 2395 584 2454 XXII
607 2399 638 2454 et
660 2395 693 2454 P.
712 2397 795 2456 2641
821 2396 968 2474 respiciet,
991 2396 1064 2456 haee
1088 2395 1143 2456 Ul-

132 2485 215 2562 piani
237 2487 331 2545 verba
352 2486 496 2545 inveniet:
520 2478 590 2554 ‘Oui
612 2503 722 2560 penum
745 2485 828 2559 legat
850 2483 923 2560 quid
945 2485 1046 2560 legato
1065 2503 1142 2544 com·

132 2575 297 2651 plectatur,
333 2573 495 2634 videamus.
554 2575 584 2632 61
616 2571 743 2642 Quintus
775 2572 891 2631 Mucius
929 2573 1034 2632 scribit
1064 2573 1141 2632 libro

133 2662 262 2724 secundo
290 2663 363 2722 iuris
392 2662 488 2722 civilis
518 2705 524 2720 .
550 2708 556 2720 .
581 2708 587 2720 .
615 2661 695 2720 idem
724 2661 852 2720 Sabinus
880 2706 914 2719 ..
939 2661 1043 2719 scribit
1071 2707 1078 2720 .
1102 2708 1108 2720 .
1134 2705 1142 2722 .

133 2744 167 2831 (ξ
187 2747 222 2830 5)
244 2751 351 2811 Ρ66611
374 2753 491 2810 acetum
515 2768 633 2827 quoquo
657 2749 760 2809 cedere
782 2768 869 2808 nemo
893 2748 1013 2808 dubitat
1112 2753 1142 2809 61
1248 2757 1249 2761 ’

131 2841 176 2900 ita
190 2838 296 2900 Ofilius
315 2841 392 2900 libro
412 2843 494 2900 sexto
513 2839 626 2898 decimo
644 2839 795 2898 actionum
809 2837 913 2897 scribit
932 2879 982 2896 ...
1003 2829 1037 2920 (ἓ
1053 2829 1087 2920 6)
1112 2884 1142 2900 ..

132 2927 166 2999 Q.
181 2926 298 2988 Mucius
317 2975 324 2989 .
341 2977 347 2988 .
364 2973 370 2988 .
402 2927 421 3004 §
436 2920 471 3008 8)
487 2975 493 2989 .
509 2975 515 2988 .
535 2929 566 2986 et
582 2925 689 2986 Ofilius
708 2927 813 2986 scribit
831 2925 907 2985 libro
927 2929 1010 2986 sexto
1027 2927 1141 2987 decimo

132 3019 292 3078 actionum.
327 3009 396 3098 (58
430 3017 513 3095 ligna
531 3019 562 3076 et
581 3017 723 3076 carbones
738 3063 745 3078 .
760 3059 768 3076 .
783 3063 789 3074 .
805 3015 967 3093 quaeritur.
1000 3019 1031 3074 et
1049 3014 1141 3085 Ouin-

130 3110 180 3166 tus
202 3105 319 3165 Mucius
342 3109 378 3186 et
397 3103 502 3164 Ofilius
527 3108 715 3184 negaverunt
737 3098 800 3165 ...'

219 3194 326 3270 Itaque
347 3193 450 3264 Quinti
467 3193 560 3253 Mucii
582 3194 694 3252 librum
717 3193 879 3252 secundum
903 3192 988 3270 quasi
1006 3209 1141 3252 normam

130 3283 279 3360 Ulpianus
312 3282 470 3358 sequItur„
495 3285 531 3341 ut
563 3282 599 3341 de
633 3282 723 3341 rebus
760 3301 827 3340 cnm
860 3299 969 3357 penore
1002 3281 1140 3340 connexis

131 3372 274 3450 disputet,
297 3390 358 3430 non
380 3371 467 3430 modo
486 3371 518 3428 in
536 3370 613 3429 libro
632 3371 719 3429 XXII
737 3371 789 3430 sed
807 3369 898 3428 etiam
916 3369 948 3427 in
966 3368 1042 3428 libro
1056 3368 1141 3428 XXV

131 3460 297 3521 scribendo.
347 3457 453 3519 Ofilius
486 3459 649 3518 secundum
680 3459 799 3518 demum
831 3459 930 3517 looum
960 3457 992 3514 in
1018 3456 1141 3534 Ulpiani

12 3578 14 3605 l
131 3549 354 3610 commentarfis
373 3549 502 3608 obtinet:
526 3542 666 3617 ‘Quintus
685 3547 801 3606 Mucius
821 3593 827 3606 .
844 3592 850 3606 .
866 3591 873 3606 .
891 3546 993 3605 refert.
1033 3544 1141 3608 Ofilius
