2598 3910
193 197 266 262 308-
293 196 366 251 VIII.
383 195 515 252 OCTAVI
529 194 626 252 SAEO.
637 195 733 250 IURIS
749 195 920 250 corisum.
931 193 1057 250 SERIES
1071 195 1207 278 Tussis

486 383 530 438 Do
548 383 653 438 octiduo
671 383 708 438 ud
727 383 913 438 esbibendum.

281 484 334 550 51.
358 483 398 548 D.
414 485 465 563 10,
479 485 510 566 4,
527 484 577 549 19.
609 482 729 548 Paulus
749 483 833 546 libro
853 485 969 566 quarto
988 483 1206 567 epitomsrum

194 573 305 638 Alfeni
328 573 377 656 (P.
392 569 459 659 66).
499 572 549 636 Ad
572 572 788 637 exhibendum
811 575 951 655 possunt
974 593 1072 658 agere
1096 593 1207 638 omnes

193 684 331 746 qnorum
366 663 510 726 interest.
565 661 621 725 sed
652 660 782 745 quidam
816 659 992 743 consuluit,
1027 683 1068 725 an
1104 661 1208 745 possit

148 767 150 771 ’
194 751 320 816 efficere
343 750 422 816 haee
447 750 545 832 aetio,
568 753 606 813 nt
628 749 769 814 rationes
793 749 969 813 adversarii
993 749 1056 814 sibi
1080 750 1207 814 exhibe

192 847 312 918 rentur,
339 861 418 924 quas
437 839 583 903 exhiberi
601 839 714 922 magni
733 839 801 902 eius
820 838 1003 902 interesset.
1039 838 1209 922 respondit

193 950 259 993 non
279 931 431 1012 oportere
449 927 499 992 ius
520 927 614 992 civile
633 927 822 992 oslumnisri
842 947 946 1010 neque
961 927 1061 991 verbo
1075 929 1208 1012 capturi,

194 1018 250 1081 sed
271 1039 335 1101 qus.
355 1021 462 1080 mente
477 1015 554 1100 quid
569 1016 735 1098 diceretur,
754 1015 1010 1080 animadvertere
1028 1017 1208 1082 convenire.

193 1128 270 1170 nam
302 1106 369 1169 ills..
391 1106 519 1170 ratione
550 1105 650 1169 etism
678 1103 858 1168 studiosum
882 1104 1018 1169 alieuius
1042 1105 1208 1170 doetrinae

193 1215 290 1278 posse
318 1194 421 1258 dicere
450 1215 509 1258 suu
535 1192 691 1258 interesse
720 1193 795 1257 illos
824 1195 880 1257 aut
907 1193 982 1257 illos
1011 1193 1115 1259 libros
1147 1195 1208 1259 sibi

195 1283 351 1365 exhiberi,
383 1283 470 1367 quia,
504 1281 532 1346 si
565 1286 675 1348 essent¹
700 1281 847 1364 exhibiti,
880 1303 951 1346 eum
981 1303 1035 1346 eos
1063 1283 1207 1368 legisset,

194 1371 320 1436 doctior
343 1375 376 1436 et
399 1372 513 1437 melior
536 1371 663 1435 futurus
687 1375 781 1434 esset.

283 1484 321 1542 of.
345 1483 443 1562 Seruii
464 1502 607 1560 responsa
631 1485 681 1543 80.

457 1701 459 1706 .
582 1652 689 1708 Damni
706 1639 811 1720 infecti.

286 1753 338 1819 52.
362 1753 400 1819 D.
415 1753 468 1838 39,
481 1755 512 1835 2,
526 1754 569 1818 43
584 1776 632 1837 pr.
669 1752 806 1818 Alfenus
825 1750 933 1816 Varus
957 1751 1043 1817 libro
1057 1737 1207 1819 ‘seeundo

197 1841 406 1928 Digestorum
430 1839 480 1927 (P.
498 1839 604 1928 5pr.).
653 1841 774 1906 Damni
802 1840 913 1905 infecti
941 1840 1072 1925 quidem
1101 1841 1208 1908 vicino

195 1932 434 2015 repromiserat.
469 1951 507 1994 ex
532 1931 600 1994 eius
624 1930 769 1994 aedilicio
793 1929 924 2014 tegulae
947 1933 1044 1994 vento
1064 1930 1208 2002 deiectae

196 2021 377 2085 ceciderant
404 2019 438 2083 in
466 2019 565 2092 vieini
583 2017 720 2104 'tegulas
749 2039 867 2102 easque
889 2017 1065 2104 fregerant.
1112 2043 1208 2105 quse·
1280 2019 1281 2084 l

198 2110 295 2184 sltum
319 2112 376 2190 est,
400 2129 442 2171 sn
465 2107 587 2190 aliquid
610 2109 769 2190 praestari
793 2111 929 2192 oportet.
974 2109 1159 2194 respondit,
1182 2110 1209 2174 si
1280 2165 1281 2168 ,

196 2197 275 2261 vitio
300 2195 436 2260 aedificii
460 2198 493 2258 et
514 2195 702 2260 infirmitate
722 2197 844 2261 factum
863 2198 957 2280 esset,
981 2195 1097 2262 debere
1116 2219 1207 2280 proe-
1279 2243 1281 2272 4

155 2359 157 2365 Ι
197 2285 284 2366 stari,
309 2284 365 2365 sed
389 2283 417 2348 si
439 2286 534 2348 tanto
556 2284 604 2348 vis
629 2284 717 2349 venti
738 2285 863 2370 fnisset,
885 2287 923 2349 ut
945 2285 1092 2368 quumvis
1113 2287 1209 2352 firma
1280 2291 1281 2334 l

197 2371 342 2438 aedificis
365 2372 569 2456 convelleret,
592 2395 658 2438 non
681 2373 804 2438 debere.
850 2377 883 2438 et
906 2373 991 2458 quod
1013 2373 1048 2437 in
1072 2375 1209 2459 stipula·
1280 2379 1281 2462 ξ

196 2461 285 2526 tione
315 2465 365 2526 est
393 2461 472 2526 ‘sive
500 2463 576 2546 quid
603 2463 651 2526 ibi
678 2461 771 2545 ruet',
798 2483 864 2526 non
892 2463 993 2527 videri
1018 2462 1082 2527 sibi
1104 2485 1208 2548 ruere,
1280 2463 1281 2548 l

197 2551 283 2635 quod
311 2557 367 2616 aut
389 2555 486 2616 vento
510 2556 567 2616 aut
590 2552 721 2616 omnino
746 2551 852 2636 aliqua
876 2551 908 2614 vi
931 2550 1129 2616 extrinsecus
1154 2553 1209 2617 od·
1280 2563 1281 2632 j

197 2647 288 2706 mota
311 2639 452 2724 eederet,
476 2640 531 2706 sed
555 2641 641 2724 quod
663 2641 771 2724 ipsum
793 2662 851 2723 per
874 2661 908 2704 se
932 2639 1122 2705 concideret.
1279 2645 1281 2656 ⁴

286 2762 323 2820 of.
347 2761 444 2820 Servii
465 2779 608 2837 responso
627 2763 691 2820 83³.

285 2849 443 2908 Praetorio
464 2849 620 2925 stipulatio
639 2849 786 2908 Hadriani
808 2851 943 2926 tempore
966 2849 1040 2908 hseo
1062 2850 1125 2909 fere
1149 2851 1210 2910 tuit

199 2929 307 3018 (Lenel
325 2937 414 2996 Ediot
436 2957 466 3013 p.
480 2930 574 3017 433):
601 2931 692 3013 ‘quod
712 2938 832 2998 aedium
854 2938 914 2997 loei
937 2938 1070 3014 operisve
1096 2959 1123 3016 q.
1139 2939 1167 2998 d.
1182 2958 1208 2998 a.

199 3025 273 3085 vitio
300 3025 332 3082 in
360 3024 484 3084 aedibus
507 3025 582 3084 mois
605 3026 685 3085 intra
783 3026 924 3086 damnum
946 3029 1061 3086 festum
1083 3029 1156 3105 erit,
1184 3028 1209 3088 si

199 3114 273 3191 quid
295 3113 429 3172 ibimet
452 3113 606 3173 scindetur
628 3114 762 3174 fodietur
790 3115 1011 3192 sedifiosbitur,
1038 3117 1147 3192 quanti
1174 3136 1209 3177 es

196 3222 245 3262 ros
273 3202 343 3279 erit,
371 3205 493 3262 tantam
521 3202 677 3280 pecuniam
706 3204 771 3262 duri
799 3205 939 3266 dolumve
966 3205 1080 3264 malum
1104 3205 1207 3266 abesse

198 3293 414 3369 afuturumquo
438 3310 501 3351 esse
525 3291 710 3369 Spondesne?
735 3287 888 3368 spondeo'
933 3313 1002 3353 oum
1023 3293 1207 3374 Pomponius

125 3447 129 3454 ¹
199 3372 249 3460 (D.
270 3383 321 3454 46,
337 3382 366 3456 8,
383 3373 438 3462 18)
463 3381 535 3440 hseo
558 3381 661 3440 hsbet:
691 3375 728 3440 ‘si
750 3381 823 3457 quid
845 3381 887 3440 ibi
909 3376 998 3459 ruet',
1021 3383 1103 3458 apud
1123 3383 1207 3442 Alfe-

198 3487 272 3527 num
294 3469 419 3545 legitur:
443 3463 518 3530 ‘sive
542 3469 614 3546 quid
636 3469 679 3528 ibi
696 3463 786 3528 ruet'.
828 3469 1004 3547 „Vielleioht
1022 3471 1103 3530 hiess
1122 3489 1154 3532 os
1173 3492 1208 3531 zu

199 3554 305 3616 Alfens
329 3557 394 3616 Zeit
423 3551 496 3617 ‘sive
520 3557 593 3634 quid
614 3557 657 3616 ibi
679 3559 748 3617 ruet
771 3553 844 3618 sive’
867 3557 934 3637 rel,
961 3559 1208 3622 wshrseheinlioh
