<?xml version="1.0" encoding="UTF-8"?>
<!DOCTYPE html PUBLIC "-//W3C//DTD XHTML 1.0 Transitional//EN"
    "http://www.w3.org/TR/xhtml1/DTD/xhtml1-transitional.dtd">
<html xmlns="http://www.w3.org/1999/xhtml" xml:lang="en" lang="en">
 <head>
  <title>
</title>
<meta http-equiv="Content-Type" content="text/html;charset=utf-8" />
  <meta name='ocr-system' content='tesseract 3.04.00' />
  <meta name='ocr-capabilities' content='ocr_page ocr_carea ocr_par ocr_line ocrx_word'/>
</head>
<body>
  <div class='ocr_page' id='page_1' title='image "./iurisprudentiae05bremgoog_0352.png"; bbox 0 0 2614 3914; ppageno 0'>
   <div class='ocr_carea' id='block_1_1' title="bbox 177 205 1186 270">
    <p class='ocr_par' dir='ltr' id='par_1_1' title="bbox 177 205 1186 270">
     <span class='ocr_line' id='line_1_1' title="bbox 177 205 1186 270; baseline -0.012 1"><span class='ocrx_word' id='word_1_1' title='bbox 177 206 243 270; x_wconf 77' lang='grc'>342</span> <span class='ocrx_word' id='word_1_2' title='bbox 274 206 348 262; x_wconf 85' lang='lat' dir='ltr'><strong>VIII.</strong></span> <span class='ocrx_word' id='word_1_3' title='bbox 363 205 495 262; x_wconf 82' lang='lat' dir='ltr'><strong>OCTAVI</strong></span> <span class='ocrx_word' id='word_1_4' title='bbox 510 207 607 264; x_wconf 82' lang='lat' dir='ltr'>SAEC.</span> <span class='ocrx_word' id='word_1_5' title='bbox 618 208 713 264; x_wconf 80' lang='lat' dir='ltr'><strong>IURIS</strong></span> <span class='ocrx_word' id='word_1_6' title='bbox 728 209 902 266; x_wconf 80' lang='lat' dir='ltr'>CONSULT.</span> <span class='ocrx_word' id='word_1_7' title='bbox 913 208 1037 264; x_wconf 80' lang='lat' dir='ltr'>SERIDS</span> <span class='ocrx_word' id='word_1_8' title='bbox 1052 207 1186 262; x_wconf 79' lang='lat' dir='ltr'><strong>TERTIA</strong></span> 
     </span>
    </p>
   </div>
   <div class='ocr_carea' id='block_1_2' title="bbox 176 370 1188 636">
    <p class='ocr_par' dir='ltr' id='par_1_2' title="bbox 176 370 1188 636">
     <span class='ocr_line' id='line_1_2' title="bbox 178 370 1186 457; baseline -0.002 -19"><span class='ocrx_word' id='word_1_9' title='bbox 178 370 286 438; x_wconf 84' lang='lat' dir='ltr'>oausa&#39;</span> <span class='ocrx_word' id='word_1_10' title='bbox 308 370 383 454; x_wconf 88' lang='lat' dir='ltr'>quid</span> <span class='ocrx_word' id='word_1_11' title='bbox 407 371 458 452; x_wconf 87' lang='lat' dir='ltr'>ait,</span> <span class='ocrx_word' id='word_1_12' title='bbox 481 371 656 438; x_wconf 80' lang='lat' dir='ltr'>videamus.</span> <span class='ocrx_word' id='word_1_13' title='bbox 692 421 752 437; x_wconf 91' lang='lat'>...</span> <span class='ocrx_word' id='word_1_14' title='bbox 776 374 804 436; x_wconf 91' lang='lat' dir='ltr'>si</span> <span class='ocrx_word' id='word_1_15' title='bbox 827 372 899 457; x_wconf 90' lang='lat' dir='ltr'>quis</span> <span class='ocrx_word' id='word_1_16' title='bbox 923 373 952 436; x_wconf 93' lang='lat' dir='ltr'>ei</span> <span class='ocrx_word' id='word_1_17' title='bbox 977 371 1033 457; x_wconf 92' lang='lat' dir='ltr'>qui</span> <span class='ocrx_word' id='word_1_18' title='bbox 1055 371 1090 434; x_wconf 93' lang='lat' dir='ltr'>in</span> <span class='ocrx_word' id='word_1_19' title='bbox 1113 370 1186 436; x_wconf 87' lang='lat' dir='ltr'>foro</span> 
     </span>
     <span class='ocr_line' id='line_1_3' title="bbox 176 459 1187 548; baseline -0.002 -22"><span class='ocrx_word' id='word_1_20' title='bbox 176 459 384 548; x_wconf 84' lang='lat' dir='ltr'>promissoris</span> <span class='ocrx_word' id='word_1_21' title='bbox 407 460 572 525; x_wconf 82' lang='lat' dir='ltr'>conveniri</span> <span class='ocrx_word' id='word_1_22' title='bbox 593 482 658 525; x_wconf 91' lang='lat' dir='ltr'>non</span> <span class='ocrx_word' id='word_1_23' title='bbox 681 465 798 545; x_wconf 90' lang='lat' dir='ltr'>potest,</span> <span class='ocrx_word' id='word_1_24' title='bbox 820 461 972 526; x_wconf 79' lang='lat' dir='ltr'>venditur</span> <span class='ocrx_word' id='word_1_25' title='bbox 995 463 1052 525; x_wconf 91' lang='lat' dir='ltr'>aut</span> <span class='ocrx_word' id='word_1_26' title='bbox 1074 463 1187 544; x_wconf 89' lang='lat' dir='ltr'>poten-</span> 
     </span>
     <span class='ocr_line' id='line_1_4' title="bbox 177 546 1188 636; baseline -0.004 -19"><span class='ocrx_word' id='word_1_27' title='bbox 177 550 254 617; x_wconf 91' lang='lat' dir='ltr'>tiori</span> <span class='ocrx_word' id='word_1_28' title='bbox 285 549 380 614; x_wconf 89' lang='lat' dir='ltr'>datus</span> <span class='ocrx_word' id='word_1_29' title='bbox 413 549 468 628; x_wconf 90' lang='lat' dir='ltr'>sit,</span> <span class='ocrx_word' id='word_1_30' title='bbox 501 549 606 634; x_wconf 80' lang='lat' dir='ltr'>magis</span> <span class='ocrx_word' id='word_1_31' title='bbox 639 571 708 614; x_wconf 88' lang='lat' dir='ltr'>esse</span> <span class='ocrx_word' id='word_1_32' title='bbox 739 554 835 634; x_wconf 90' lang='lat' dir='ltr'>putat</span> <span class='ocrx_word' id='word_1_33' title='bbox 868 546 1018 636; x_wconf 82' lang='lat' dir='ltr'>(Labeo),</span> <span class='ocrx_word' id='word_1_34' title='bbox 1050 551 1087 612; x_wconf 90' lang='lat' dir='ltr'>ut</span> <span class='ocrx_word' id='word_1_35' title='bbox 1121 570 1188 613; x_wconf 94' lang='lat' dir='ltr'>non</span> 
     </span>
    </p>
   </div>
   <div class='ocr_carea' id='block_1_3' title="bbox 177 635 1294 814">
    <p class='ocr_par' dir='ltr' id='par_1_3' title="bbox 177 635 1294 814">
     <span class='ocr_line' id='line_1_5' title="bbox 177 635 1294 706; baseline -0.003 -1"><span class='ocrx_word' id='word_1_36' title='bbox 177 640 326 706; x_wconf 86' lang='lat' dir='ltr'>videatur</span> <span class='ocrx_word' id='word_1_37' title='bbox 348 639 381 701; x_wconf 91' lang='lat' dir='ltr'>in</span> <span class='ocrx_word' id='word_1_38' title='bbox 401 637 511 702; x_wconf 90' lang='lat' dir='ltr'>eadem</span> <span class='ocrx_word' id='word_1_39' title='bbox 530 659 627 703; x_wconf 86' lang='lat' dir='ltr'>causa</span> <span class='ocrx_word' id='word_1_40' title='bbox 647 660 725 705; x_wconf 90' lang='lat' dir='ltr'>esse.</span> <span class='ocrx_word' id='word_1_41' title='bbox 762 639 817 703; x_wconf 86' lang='lat' dir='ltr'>sed</span> <span class='ocrx_word' id='word_1_42' title='bbox 838 642 871 703; x_wconf 94' lang='lat' dir='ltr'>et</span> <span class='ocrx_word' id='word_1_43' title='bbox 890 639 918 703; x_wconf 93' lang='lat' dir='ltr'>si</span> <span class='ocrx_word' id='word_1_44' title='bbox 936 658 1038 703; x_wconf 80' lang='lat' dir='ltr'>noxae</span> <span class='ocrx_word' id='word_1_45' title='bbox 1058 635 1186 702; x_wconf 87' lang='lat' dir='ltr'>deditus</span> <span class='ocrx_word' id='word_1_46' title='bbox 1293 672 1294 676; x_wconf 58' lang='lat'><em>=</em></span> 
     </span>
     <span class='ocr_line' id='line_1_6' title="bbox 177 726 1186 814; baseline -0.003 -21"><span class='ocrx_word' id='word_1_47' title='bbox 177 730 230 814; x_wconf 90' lang='lat' dir='ltr'>sit,</span> <span class='ocrx_word' id='word_1_48' title='bbox 253 727 367 792; x_wconf 89' lang='lat' dir='ltr'>Ofilius</span> <span class='ocrx_word' id='word_1_49' title='bbox 385 749 450 792; x_wconf 92' lang='lat' dir='ltr'>non</span> <span class='ocrx_word' id='word_1_50' title='bbox 468 729 564 811; x_wconf 91' lang='lat' dir='ltr'>putat</span> <span class='ocrx_word' id='word_1_51' title='bbox 586 727 619 790; x_wconf 90' lang='lat' dir='ltr'>in</span> <span class='ocrx_word' id='word_1_52' title='bbox 642 726 753 792; x_wconf 89' lang='lat' dir='ltr'>eadem</span> <span class='ocrx_word' id='word_1_53' title='bbox 772 749 869 792; x_wconf 83' lang='lat' dir='ltr'>cause</span> <span class='ocrx_word' id='word_1_54' title='bbox 888 727 969 809; x_wconf 90' lang='lat' dir='ltr'>sisti,</span> <span class='ocrx_word' id='word_1_55' title='bbox 988 748 1061 791; x_wconf 91' lang='lat' dir='ltr'>cum</span> <span class='ocrx_word' id='word_1_56' title='bbox 1079 747 1186 792; x_wconf 81' lang='lat' dir='ltr'>noxae</span> 
     </span>
    </p>
   </div>
   <div class='ocr_carea' id='block_1_4' title="bbox 178 815 1102 900">
    <p class='ocr_par' dir='ltr' id='par_1_4' title="bbox 178 815 1102 900">
     <span class='ocr_line' id='line_1_7' title="bbox 178 815 1102 900; baseline -0.004 -18"><span class='ocrx_word' id='word_1_57' title='bbox 178 817 338 882; x_wconf 87' lang='lat' dir='ltr'>deditione</span> <span class='ocrx_word' id='word_1_58' title='bbox 361 815 475 881; x_wconf 89' lang='lat' dir='ltr'>ceteris</span> <span class='ocrx_word' id='word_1_59' title='bbox 498 815 648 880; x_wconf 76' lang='lat' dir='ltr'>noralem</span> <span class='ocrx_word' id='word_1_60' title='bbox 672 816 832 881; x_wconf 89' lang='lat' dir='ltr'>actionem</span> <span class='ocrx_word' id='word_1_61' title='bbox 854 816 976 900; x_wconf 85' lang='lat' dir='ltr'>peremi</span> <span class='ocrx_word' id='word_1_62' title='bbox 999 817 1102 899; x_wconf 88' lang='lat' dir='ltr'>putat.</span> 
     </span>
    </p>
   </div>
   <div class='ocr_carea' id='block_1_5' title="bbox 222 955 1140 1025">
    <p class='ocr_par' dir='ltr' id='par_1_5' title="bbox 222 955 1140 1025">
     <span class='ocr_line' id='line_1_8' title="bbox 222 955 1140 1025; baseline -0.004 -13"><span class='ocrx_word' id='word_1_63' title='bbox 222 959 267 1013; x_wconf 83' lang='lat' dir='ltr'>De</span> <span class='ocrx_word' id='word_1_64' title='bbox 285 973 314 1012; x_wconf 87' lang='lat' dir='ltr'>eo</span> <span class='ocrx_word' id='word_1_65' title='bbox 329 972 381 1025; x_wconf 75' lang='lat' dir='ltr'>per</span> <span class='ocrx_word' id='word_1_66' title='bbox 399 971 475 1025; x_wconf 73' lang='lat' dir='ltr'>quem</span> <span class='ocrx_word' id='word_1_67' title='bbox 492 955 595 1022; x_wconf 79' lang='lat' dir='ltr'>fuctum</span> <span class='ocrx_word' id='word_1_68' title='bbox 614 955 666 1010; x_wconf 82' lang='lat' dir='ltr'>erit</span> <span class='ocrx_word' id='word_1_69' title='bbox 684 957 829 1024; x_wconf 75' lang='lat' dir='ltr'>quomiaus</span> <span class='ocrx_word' id='word_1_70' title='bbox 847 956 1033 1010; x_wconf 79' lang='lat' dir='ltr'>vadimonium</span> <span class='ocrx_word' id='word_1_71' title='bbox 1051 956 1140 1010; x_wconf 75' lang='lat' dir='ltr'>sistat.</span> 
     </span>
    </p>
   </div>
   <div class='ocr_carea' id='block_1_6' title="bbox 265 1054 1188 1138">
    <p class='ocr_par' dir='ltr' id='par_1_6' title="bbox 265 1054 1188 1138">
     <span class='ocr_line' id='line_1_9' title="bbox 265 1054 1188 1138; baseline -0.002 -16"><span class='ocrx_word' id='word_1_72' title='bbox 265 1058 295 1122; x_wconf 92' lang='lat'>4.</span> <span class='ocrx_word' id='word_1_73' title='bbox 319 1055 540 1138; x_wconf 57' lang='grc' dir='ltr'>ΙΙι.2,10,2.</span> <span class='ocrx_word' id='word_1_74' title='bbox 580 1055 701 1119; x_wconf 85' lang='lat' dir='ltr'>Paulus</span> <span class='ocrx_word' id='word_1_75' title='bbox 732 1056 815 1121; x_wconf 93' lang='lat' dir='ltr'>libro</span> <span class='ocrx_word' id='word_1_76' title='bbox 849 1059 941 1121; x_wconf 88' lang='lat' dir='ltr'>sexto</span> <span class='ocrx_word' id='word_1_77' title='bbox 976 1055 1017 1119; x_wconf 87' lang='lat' dir='ltr'>ad</span> <span class='ocrx_word' id='word_1_78' title='bbox 1045 1054 1188 1120; x_wconf 87' lang='lat' dir='ltr'>edictum</span> 
     </span>
    </p>
   </div>
   <div class='ocr_carea' id='block_1_7' title="bbox 177 1141 1188 1406">
    <p class='ocr_par' dir='ltr' id='par_1_7' title="bbox 177 1141 1188 1406">
     <span class='ocr_line' id='line_1_10' title="bbox 177 1141 1188 1234; baseline -0.002 -24"><span class='ocrx_word' id='word_1_79' title='bbox 177 1145 226 1234; x_wconf 92' lang='lat' dir='ltr'>(P.</span> <span class='ocrx_word' id='word_1_80' title='bbox 248 1141 335 1232; x_wconf 82' lang='lat'>155).</span> <span class='ocrx_word' id='word_1_81' title='bbox 385 1141 420 1208; x_wconf 78' lang='lat' dir='ltr'>si</span> <span class='ocrx_word' id='word_1_82' title='bbox 450 1143 567 1208; x_wconf 88' lang='lat' dir='ltr'>actoris</span> <span class='ocrx_word' id='word_1_83' title='bbox 597 1165 707 1209; x_wconf 87' lang='lat' dir='ltr'>servus</span> <span class='ocrx_word' id='word_1_84' title='bbox 737 1143 866 1210; x_wconf 90' lang='lat' dir='ltr'>domino</span> <span class='ocrx_word' id='word_1_85' title='bbox 898 1144 1020 1209; x_wconf 82' lang='lat' dir='ltr'>sciente</span> <span class='ocrx_word' id='word_1_86' title='bbox 1051 1148 1084 1208; x_wconf 89' lang='lat' dir='ltr'>et</span> <span class='ocrx_word' id='word_1_87' title='bbox 1113 1165 1188 1209; x_wconf 91' lang='lat' dir='ltr'>cum</span> 
     </span>
     <span class='ocr_line' id='line_1_11' title="bbox 177 1231 1187 1321; baseline -0.002 -21"><span class='ocrx_word' id='word_1_88' title='bbox 177 1235 281 1321; x_wconf 82' lang='lat' dir='ltr'>possit</span> <span class='ocrx_word' id='word_1_89' title='bbox 308 1255 374 1298; x_wconf 90' lang='lat' dir='ltr'>non</span> <span class='ocrx_word' id='word_1_90' title='bbox 403 1232 595 1317; x_wconf 74' lang='lat' dir='ltr'>prohibente</span> <span class='ocrx_word' id='word_1_91' title='bbox 623 1232 697 1297; x_wconf 87' lang='lat' dir='ltr'>dolo</span> <span class='ocrx_word' id='word_1_92' title='bbox 725 1232 850 1314; x_wconf 86' lang='lat' dir='ltr'>fecerit,</span> <span class='ocrx_word' id='word_1_93' title='bbox 878 1255 941 1318; x_wconf 91' lang='lat' dir='ltr'>quo</span> <span class='ocrx_word' id='word_1_94' title='bbox 970 1231 1077 1297; x_wconf 93' lang='lat' dir='ltr'>minus</span> <span class='ocrx_word' id='word_1_95' title='bbox 1099 1234 1187 1298; x_wconf 80' lang='lat' dir='ltr'>eadi-</span> 
     </span>
     <span class='ocr_line' id='line_1_12' title="bbox 177 1320 1188 1406; baseline -0.005 -16"><span class='ocrx_word' id='word_1_96' title='bbox 177 1320 332 1390; x_wconf 69' lang='lat' dir='ltr'>mom&#39;uml</span> <span class='ocrx_word' id='word_1_97' title='bbox 355 1322 480 1406; x_wconf 88' lang='lat' dir='ltr'>sistam,</span> <span class='ocrx_word' id='word_1_98' title='bbox 503 1320 617 1386; x_wconf 89' lang='lat' dir='ltr'>Ofilius</span> <span class='ocrx_word' id='word_1_99' title='bbox 637 1321 775 1386; x_wconf 84' lang='lat' dir='ltr'>dandam</span> <span class='ocrx_word' id='word_1_100' title='bbox 794 1321 874 1386; x_wconf 91' lang='lat' dir='ltr'>mihi</span> <span class='ocrx_word' id='word_1_101' title='bbox 893 1321 1113 1404; x_wconf 80' lang='lat' dir='ltr'>exceptionem</span> <span class='ocrx_word' id='word_1_102' title='bbox 1133 1321 1188 1385; x_wconf 91' lang='lat' dir='ltr'>ad·</span> 
     </span>
    </p>
   </div>
   <div class='ocr_carea' id='block_1_8' title="bbox 176 1410 1296 1494">
    <p class='ocr_par' dir='ltr' id='par_1_8' title="bbox 176 1410 1296 1494">
     <span class='ocr_line' id='line_1_13' title="bbox 176 1410 1296 1494; baseline -0.003 -17"><span class='ocrx_word' id='word_1_103' title='bbox 176 1434 288 1478; x_wconf 79' lang='lat' dir='ltr'>versus</span> <span class='ocrx_word' id='word_1_104' title='bbox 308 1410 472 1476; x_wconf 87' lang='lat' dir='ltr'>dominum</span> <span class='ocrx_word' id='word_1_105' title='bbox 492 1411 547 1494; x_wconf 92' lang='lat' dir='ltr'>ait,</span> <span class='ocrx_word' id='word_1_106' title='bbox 565 1431 605 1475; x_wconf 91' lang='lat' dir='ltr'>ne</span> <span class='ocrx_word' id='word_1_107' title='bbox 624 1431 663 1474; x_wconf 86' lang='lat' dir='ltr'>ex</span> <span class='ocrx_word' id='word_1_108' title='bbox 681 1411 755 1477; x_wconf 89' lang='lat' dir='ltr'>dolo</span> <span class='ocrx_word' id='word_1_109' title='bbox 775 1411 859 1476; x_wconf 85' lang='lat' dir='ltr'>servi</span> <span class='ocrx_word' id='word_1_110' title='bbox 872 1410 1020 1476; x_wconf 88' lang='lat' dir='ltr'>dominus</span> <span class='ocrx_word' id='word_1_111' title='bbox 1033 1410 1187 1476; x_wconf 88' lang='lat' dir='ltr'>lucretur.</span> <span class='ocrx_word' id='word_1_112' title='bbox 1295 1485 1296 1488; x_wconf 8' lang='grc' dir='ltr'><strong>Ἴ</strong></span> 
     </span>
    </p>
   </div>
   <div class='ocr_carea' id='block_1_9' title="bbox 504 1549 859 1605">
    <p class='ocr_par' dir='ltr' id='par_1_9' title="bbox 504 1549 859 1605">
     <span class='ocr_line' id='line_1_14' title="bbox 504 1549 859 1605; baseline 0.003 -3"><span class='ocrx_word' id='word_1_113' title='bbox 504 1549 548 1602; x_wconf 87' lang='lat' dir='ltr'>Dc</span> <span class='ocrx_word' id='word_1_114' title='bbox 565 1549 726 1605; x_wconf 61' lang='lat' dir='ltr'>comatoria</span> <span class='ocrx_word' id='word_1_115' title='bbox 747 1551 859 1605; x_wconf 75' lang='lat' dir='ltr'>cottone.</span> 
     </span>
    </p>
   </div>
   <div class='ocr_carea' id='block_1_10' title="bbox 118 1647 1189 2445">
    <p class='ocr_par' dir='ltr' id='par_1_10' title="bbox 118 1647 1189 2445">
     <span class='ocr_line' id='line_1_15' title="bbox 266 1647 1188 1734; baseline -0.002 -17"><span class='ocrx_word' id='word_1_116' title='bbox 266 1652 296 1717; x_wconf 83' lang='lat'>5.</span> <span class='ocrx_word' id='word_1_117' title='bbox 332 1649 372 1716; x_wconf 90' lang='lat' dir='ltr'>D.</span> <span class='ocrx_word' id='word_1_118' title='bbox 400 1650 623 1734; x_wconf 85' lang='lat'>14,1,1,9.</span> <span class='ocrx_word' id='word_1_119' title='bbox 678 1647 837 1734; x_wconf 84' lang='lat' dir='ltr'>Ulpianus</span> <span class='ocrx_word' id='word_1_120' title='bbox 881 1649 965 1715; x_wconf 92' lang='lat' dir='ltr'>libro</span> <span class='ocrx_word' id='word_1_121' title='bbox 1011 1649 1188 1715; x_wconf 83' lang='lat' dir='ltr'>vicensimo</span> 
     </span>
     <span class='ocr_line' id='line_1_16' title="bbox 179 1735 1189 1826; baseline -0.004 -18"><span class='ocrx_word' id='word_1_122' title='bbox 179 1744 292 1808; x_wconf 84' lang='lat' dir='ltr'>ootavo</span> <span class='ocrx_word' id='word_1_123' title='bbox 317 1739 357 1805; x_wconf 90' lang='lat' dir='ltr'>ad</span> <span class='ocrx_word' id='word_1_124' title='bbox 380 1739 465 1805; x_wconf 87' lang='lat' dir='ltr'>edict</span> <span class='ocrx_word' id='word_1_125' title='bbox 450 1743 519 1804; x_wconf 92' lang='lat' dir='ltr'>tum</span> <span class='ocrx_word' id='word_1_126' title='bbox 542 1738 591 1823; x_wconf 88' lang='grc' dir='ltr'>(Ρ.</span> <span class='ocrx_word' id='word_1_127' title='bbox 607 1735 753 1826; x_wconf 86' lang='grc'><strong>816)...</strong></span> <span class='ocrx_word' id='word_1_128' title='bbox 768 1738 924 1823; x_wconf 90' lang='lat' dir='ltr'>.quaerit</span> <span class='ocrx_word' id='word_1_129' title='bbox 947 1737 1071 1824; x_wconf 88' lang='lat' dir='ltr'>Ofilius,</span> <span class='ocrx_word' id='word_1_130' title='bbox 1095 1739 1123 1804; x_wconf 87' lang='lat' dir='ltr'>si</span> <span class='ocrx_word' id='word_1_131' title='bbox 1148 1739 1189 1804; x_wconf 86' lang='lat' dir='ltr'>ad</span> 
     </span>
     <span class='ocr_line' id='line_1_17' title="bbox 177 1827 1189 1897; baseline -0.004 0"><span class='ocrx_word' id='word_1_132' title='bbox 177 1830 384 1897; x_wconf 88' lang='lat' dir='ltr'>reficiendam</span> <span class='ocrx_word' id='word_1_133' title='bbox 411 1849 526 1894; x_wconf 88' lang='lat' dir='ltr'>navem</span> <span class='ocrx_word' id='word_1_134' title='bbox 555 1831 721 1892; x_wconf 90' lang='lat' dir='ltr'>mutuatus</span> <span class='ocrx_word' id='word_1_135' title='bbox 753 1848 903 1892; x_wconf 88' lang='lat' dir='ltr'>nummos</span> <span class='ocrx_word' id='word_1_136' title='bbox 935 1827 969 1891; x_wconf 92' lang='lat' dir='ltr'>in</span> <span class='ocrx_word' id='word_1_137' title='bbox 1001 1849 1076 1892; x_wconf 91' lang='lat' dir='ltr'>suos</span> <span class='ocrx_word' id='word_1_138' title='bbox 1109 1849 1189 1893; x_wconf 85' lang='lat' dir='ltr'>usus</span> 
     </span>
     <span class='ocr_line' id='line_1_18' title="bbox 118 1915 1189 2004; baseline -0.007 -17"><span class='ocrx_word' id='word_1_139' title='bbox 118 1969 119 1974; x_wconf 48' lang='lat'>.</span> <span class='ocrx_word' id='word_1_140' title='bbox 178 1919 386 2004; x_wconf 84' lang='lat' dir='ltr'>converterit,</span> <span class='ocrx_word' id='word_1_141' title='bbox 412 1939 454 1981; x_wconf 95' lang='lat' dir='ltr'>an</span> <span class='ocrx_word' id='word_1_142' title='bbox 477 1917 512 1980; x_wconf 93' lang='lat' dir='ltr'>in</span> <span class='ocrx_word' id='word_1_143' title='bbox 534 1915 653 1980; x_wconf 84' lang='lat' dir='ltr'>exercit</span> <span class='ocrx_word' id='word_1_144' title='bbox 655 1937 743 1980; x_wconf 92' lang='lat' dir='ltr'>orem</span> <span class='ocrx_word' id='word_1_145' title='bbox 766 1915 860 1980; x_wconf 90' lang='lat' dir='ltr'>detur</span> <span class='ocrx_word' id='word_1_146' title='bbox 884 1915 978 1980; x_wconf 91' lang='lat' dir='ltr'>actio.</span> <span class='ocrx_word' id='word_1_147' title='bbox 1024 1921 1057 1980; x_wconf 90' lang='lat' dir='ltr'>et</span> <span class='ocrx_word' id='word_1_148' title='bbox 1079 1915 1136 2000; x_wconf 87' lang='lat' dir='ltr'>ait,</span> <span class='ocrx_word' id='word_1_149' title='bbox 1160 1917 1189 1981; x_wconf 91' lang='lat' dir='ltr'>si</span> 
     </span>
     <span class='ocr_line' id='line_1_19' title="bbox 177 2002 1189 2092; baseline -0.004 -18"><span class='ocrx_word' id='word_1_150' title='bbox 177 2009 238 2074; x_wconf 89' lang='lat' dir='ltr'>hac</span> <span class='ocrx_word' id='word_1_151' title='bbox 272 2009 344 2092; x_wconf 84' lang='lat' dir='ltr'>lege</span> <span class='ocrx_word' id='word_1_152' title='bbox 379 2006 502 2090; x_wconf 90' lang='lat' dir='ltr'>accepit</span> <span class='ocrx_word' id='word_1_153' title='bbox 534 2005 626 2089; x_wconf 89' lang='lat' dir='ltr'>quasi</span> <span class='ocrx_word' id='word_1_154' title='bbox 655 2003 690 2067; x_wconf 94' lang='lat' dir='ltr'>in</span> <span class='ocrx_word' id='word_1_155' title='bbox 719 2026 833 2069; x_wconf 82' lang='lat' dir='ltr'>navem</span> <span class='ocrx_word' id='word_1_156' title='bbox 865 2002 1079 2090; x_wconf 88' lang='lat' dir='ltr'>impensurus,</span> <span class='ocrx_word' id='word_1_157' title='bbox 1112 2026 1189 2070; x_wconf 89' lang='lat' dir='ltr'>mox</span> 
     </span>
     <span class='ocr_line' id='line_1_20' title="bbox 178 2092 1188 2246; baseline -0.004 -84"><span class='ocrx_word' id='word_1_158' title='bbox 178 2100 318 2162; x_wconf 78' lang='lat' dir='ltr'>mutavit</span> <span class='ocrx_word' id='word_1_159' title='bbox 343 2095 457 2160; x_wconf 87' lang='lat' dir='ltr'>volunt</span> <span class='ocrx_word' id='word_1_160' title='bbox 459 2097 558 2177; x_wconf 90' lang='lat' dir='ltr'>atem,</span> <span class='ocrx_word' id='word_1_161' title='bbox 585 2092 689 2156; x_wconf 91' lang='lat' dir='ltr'>teneri</span> <span class='ocrx_word' id='word_1_162' title='bbox 718 2095 929 2159; x_wconf 79' lang='lat' dir='ltr'>exercitatem</span> <span class='ocrx_word' id='word_1_163' title='bbox 952 2092 1188 2246; x_wconf 79' lang='lat' dir='ltr'>imputaturum</span> 
     </span>
     <span class='ocr_line' id='line_1_21' title="bbox 179 2181 1188 2269; baseline -0.003 -20"><span class='ocrx_word' id='word_1_164' title='bbox 179 2186 255 2269; x_wconf 91' lang='lat' dir='ltr'>sibi,</span> <span class='ocrx_word' id='word_1_165' title='bbox 284 2206 341 2249; x_wconf 90' lang='lat' dir='ltr'>cur</span> <span class='ocrx_word' id='word_1_166' title='bbox 368 2184 467 2248; x_wconf 86' lang='lat' dir='ltr'>talem</span> <span class='ocrx_word' id='word_1_167' title='bbox 494 2181 730 2266; x_wconf 85' lang='lat' dir='ltr'>praeposuerit,</span> <span class='ocrx_word' id='word_1_168' title='bbox 758 2182 842 2265; x_wconf 89' lang='lat' dir='ltr'>quod</span> <span class='ocrx_word' id='word_1_169' title='bbox 870 2182 897 2246; x_wconf 90' lang='lat' dir='ltr'>si</span> <span class='ocrx_word' id='word_1_170' title='bbox 925 2182 1005 2247; x_wconf 89' lang='lat' dir='ltr'>ab</span> <span class='ocrx_word' id='word_1_171' title='bbox 995 2182 1087 2248; x_wconf 89' lang='lat' dir='ltr'>mitio</span> <span class='ocrx_word' id='word_1_172' title='bbox 1112 2204 1188 2248; x_wconf 91' lang='lat' dir='ltr'>con·</span> 
     </span>
     <span class='ocr_line' id='line_1_22' title="bbox 180 2269 1186 2355; baseline -0.001 -18"><span class='ocrx_word' id='word_1_173' title='bbox 180 2273 289 2337; x_wconf 90' lang='lat' dir='ltr'>silium</span> <span class='ocrx_word' id='word_1_174' title='bbox 307 2273 394 2355; x_wconf 86' lang='lat' dir='ltr'>cepit</span> <span class='ocrx_word' id='word_1_175' title='bbox 411 2270 583 2335; x_wconf 89' lang='lat' dir='ltr'>fraudandi</span> <span class='ocrx_word' id='word_1_176' title='bbox 601 2269 769 2335; x_wconf 89' lang='lat' dir='ltr'>creditoris</span> <span class='ocrx_word' id='word_1_177' title='bbox 788 2270 901 2336; x_wconf 83' lang='lat' dir='ltr'>etheo</span> <span class='ocrx_word' id='word_1_178' title='bbox 920 2271 1104 2355; x_wconf 86' lang='lat' dir='ltr'>specialiter</span> <span class='ocrx_word' id='word_1_179' title='bbox 1117 2293 1186 2337; x_wconf 94' lang='lat' dir='ltr'>non</span> 
     </span>
     <span class='ocr_line' id='line_1_23' title="bbox 179 2358 1185 2445; baseline -0.001 -19"><span class='ocrx_word' id='word_1_180' title='bbox 179 2361 382 2445; x_wconf 89' lang='lat' dir='ltr'>expresserit,</span> <span class='ocrx_word' id='word_1_181' title='bbox 401 2358 486 2445; x_wconf 90' lang='lat' dir='ltr'>quod</span> <span class='ocrx_word' id='word_1_182' title='bbox 505 2360 545 2425; x_wconf 87' lang='lat' dir='ltr'>ad</span> <span class='ocrx_word' id='word_1_183' title='bbox 563 2359 655 2425; x_wconf 88' lang='lat' dir='ltr'>navis</span> <span class='ocrx_word' id='word_1_184' title='bbox 674 2379 804 2424; x_wconf 89' lang='lat' dir='ltr'>causam</span> <span class='ocrx_word' id='word_1_185' title='bbox 824 2359 949 2444; x_wconf 90' lang='lat' dir='ltr'>accipit,</span> <span class='ocrx_word' id='word_1_186' title='bbox 973 2363 1085 2425; x_wconf 87' lang='lat' dir='ltr'>contra</span> <span class='ocrx_word' id='word_1_187' title='bbox 1103 2381 1185 2425; x_wconf 88' lang='lat' dir='ltr'>esse.</span> 
     </span>
    </p>
   </div>
   <div class='ocr_carea' id='block_1_11' title="bbox 550 2499 814 2556">
    <p class='ocr_par' dir='ltr' id='par_1_11' title="bbox 550 2499 814 2556">
     <span class='ocr_line' id='line_1_24' title="bbox 550 2499 814 2556; baseline -0.008 -2"><span class='ocrx_word' id='word_1_188' title='bbox 550 2499 594 2554; x_wconf 88' lang='lat' dir='ltr'>De</span> <span class='ocrx_word' id='word_1_189' title='bbox 612 2499 692 2556; x_wconf 76' lang='lat' dir='ltr'>rebus</span> <span class='ocrx_word' id='word_1_190' title='bbox 710 2500 814 2554; x_wconf 79' lang='lat' dir='ltr'>amotis.</span> 
     </span>
    </p>
   </div>
   <div class='ocr_carea' id='block_1_12' title="bbox 177 2595 1190 2950">
    <p class='ocr_par' dir='ltr' id='par_1_12' title="bbox 177 2595 1190 2950">
     <span class='ocr_line' id='line_1_25' title="bbox 267 2595 1188 2686; baseline -0.002 -21"><span class='ocrx_word' id='word_1_191' title='bbox 267 2601 297 2666; x_wconf 82' lang='lat'>6.</span> <span class='ocrx_word' id='word_1_192' title='bbox 319 2599 358 2666; x_wconf 93' lang='lat' dir='ltr'>D.</span> <span class='ocrx_word' id='word_1_193' title='bbox 374 2601 425 2684; x_wconf 81' lang='lat'>25,</span> <span class='ocrx_word' id='word_1_194' title='bbox 439 2602 470 2686; x_wconf 88' lang='grc'>2,</span> <span class='ocrx_word' id='word_1_195' title='bbox 484 2601 513 2681; x_wconf 89' lang='lat'>3,</span> <span class='ocrx_word' id='word_1_196' title='bbox 528 2601 556 2666; x_wconf 90' lang='lat'>3.</span> <span class='ocrx_word' id='word_1_197' title='bbox 583 2599 703 2664; x_wconf 88' lang='lat' dir='ltr'>Paulus</span> <span class='ocrx_word' id='word_1_198' title='bbox 718 2599 802 2665; x_wconf 93' lang='lat' dir='ltr'>libro</span> <span class='ocrx_word' id='word_1_199' title='bbox 818 2601 889 2682; x_wconf 88' lang='lat' dir='ltr'>sept</span> <span class='ocrx_word' id='word_1_200' title='bbox 890 2599 957 2665; x_wconf 93' lang='lat' dir='ltr'>imo</span> <span class='ocrx_word' id='word_1_201' title='bbox 973 2598 1014 2662; x_wconf 86' lang='lat' dir='ltr'>ad</span> <span class='ocrx_word' id='word_1_202' title='bbox 1029 2595 1188 2663; x_wconf 83' lang='lat' dir='ltr'>Sabinum</span> 
     </span>
     <span class='ocr_line' id='line_1_26' title="bbox 178 2651 1190 2778; baseline -0.002 -24"><span class='ocrx_word' id='word_1_203' title='bbox 178 2688 230 2777; x_wconf 91' lang='lat' dir='ltr'>(P.</span> <span class='ocrx_word' id='word_1_204' title='bbox 246 2691 285 2756; x_wconf 84' lang='lat' dir='ltr'>ll</span> <span class='ocrx_word' id='word_1_205' title='bbox 290 2688 422 2778; x_wconf 83' lang='grc'><strong>74)...</strong></span> <span class='ocrx_word' id='word_1_206' title='bbox 437 2651 578 2755; x_wconf 85' lang='lat' dir='ltr'>.Osilius</span> <span class='ocrx_word' id='word_1_207' title='bbox 602 2689 655 2772; x_wconf 86' lang='lat' dir='ltr'>ait,</span> <span class='ocrx_word' id='word_1_208' title='bbox 679 2689 775 2754; x_wconf 88' lang='lat' dir='ltr'>etiarn</span> <span class='ocrx_word' id='word_1_209' title='bbox 796 2709 850 2752; x_wconf 89' lang='lat' dir='ltr'>eas</span> <span class='ocrx_word' id='word_1_210' title='bbox 869 2708 932 2771; x_wconf 89' lang='lat' dir='ltr'>res,</span> <span class='ocrx_word' id='word_1_211' title='bbox 955 2708 1035 2771; x_wconf 88' lang='lat' dir='ltr'>quas</span> <span class='ocrx_word' id='word_1_212' title='bbox 1055 2686 1190 2752; x_wconf 91' lang='lat' dir='ltr'>divortii</span> 
     </span>
     <span class='ocr_line' id='line_1_27' title="bbox 177 2741 1190 2862; baseline -0.001 -20"><span class='ocrx_word' id='word_1_213' title='bbox 177 2786 322 2862; x_wconf 90' lang='lat' dir='ltr'>tempore</span> <span class='ocrx_word' id='word_1_214' title='bbox 341 2741 457 2843; x_wconf 90' lang='lat' dir='ltr'>mulier</span> <span class='ocrx_word' id='word_1_215' title='bbox 475 2777 648 2843; x_wconf 89' lang='lat' dir='ltr'>comederit</span> <span class='ocrx_word' id='word_1_216' title='bbox 665 2777 844 2841; x_wconf 82' lang='lat' dir='ltr'>vendiderIt</span> <span class='ocrx_word' id='word_1_217' title='bbox 858 2775 1030 2841; x_wconf 87' lang='lat' dir='ltr'>donaverit</span> <span class='ocrx_word' id='word_1_218' title='bbox 1015 2775 1190 2860; x_wconf 88' lang='lat' dir='ltr'>tqualibet</span> 
     </span>
     <span class='ocr_line' id='line_1_28' title="bbox 178 2864 1189 2950; baseline -0.001 -20"><span class='ocrx_word' id='word_1_219' title='bbox 178 2867 303 2932; x_wconf 83' lang='lat' dir='ltr'>ratione</span> <span class='ocrx_word' id='word_1_220' title='bbox 317 2865 564 2950; x_wconf 90' lang='lat' dir='ltr'>consumpserit,</span> <span class='ocrx_word' id='word_1_221' title='bbox 577 2887 685 2929; x_wconf 90' lang='lat' dir='ltr'>rerum</span> <span class='ocrx_word' id='word_1_222' title='bbox 700 2887 772 2930; x_wconf 88' lang='lat' dir='ltr'>amo</span> <span class='ocrx_word' id='word_1_223' title='bbox 775 2869 880 2929; x_wconf 84' lang='lat' dir='ltr'>tarum</span> <span class='ocrx_word' id='word_1_224' title='bbox 890 2865 1010 2929; x_wconf 91' lang='lat' dir='ltr'>iudicio</span> <span class='ocrx_word' id='word_1_225' title='bbox 1020 2864 1189 2929; x_wconf 86' lang='lat' dir='ltr'>contineri.</span> 
     </span>
    </p>
   </div>
   <div class='ocr_carea' id='block_1_13' title="bbox 347 3003 1019 3073">
    <p class='ocr_par' dir='ltr' id='par_1_13' title="bbox 347 3003 1019 3073">
     <span class='ocr_line' id='line_1_29' title="bbox 347 3003 1019 3073; baseline -0.001 -14"><span class='ocrx_word' id='word_1_226' title='bbox 347 3005 391 3059; x_wconf 87' lang='lat' dir='ltr'>Ne</span> <span class='ocrx_word' id='word_1_227' title='bbox 409 3005 477 3073; x_wconf 76' lang='lat' dir='ltr'>quid</span> <span class='ocrx_word' id='word_1_228' title='bbox 494 3004 526 3057; x_wconf 81' lang='lat' dir='ltr'>ia</span> <span class='ocrx_word' id='word_1_229' title='bbox 544 3005 600 3058; x_wconf 86' lang='lat' dir='ltr'>loeo</span> <span class='ocrx_word' id='word_1_230' title='bbox 616 3005 728 3072; x_wconf 77' lang='lat' dir='ltr'>publico</span> <span class='ocrx_word' id='word_1_231' title='bbox 747 3004 787 3058; x_wconf 82' lang='lat' dir='ltr'>vel</span> <span class='ocrx_word' id='word_1_232' title='bbox 806 3004 904 3058; x_wconf 77' lang='lat' dir='ltr'>itiaere</span> <span class='ocrx_word' id='word_1_233' title='bbox 922 3003 973 3071; x_wconf 64' lang='lat' dir='ltr'>tot</span> <span class='ocrx_word' id='word_1_234' title='bbox 991 3044 1019 3058; x_wconf 90' lang='lat'>..</span> 
     </span>
    </p>
   </div>
   <div class='ocr_carea' id='block_1_14' title="bbox 181 3103 1192 3544">
    <p class='ocr_par' dir='ltr' id='par_1_14' title="bbox 181 3103 1192 3544">
     <span class='ocr_line' id='line_1_30' title="bbox 270 3103 1190 3187; baseline -0.001 -17"><span class='ocrx_word' id='word_1_235' title='bbox 270 3105 299 3171; x_wconf 78' lang='lat'>7.</span> <span class='ocrx_word' id='word_1_236' title='bbox 331 3103 370 3169; x_wconf 91' lang='lat' dir='ltr'>D.</span> <span class='ocrx_word' id='word_1_237' title='bbox 388 3105 446 3185; x_wconf 84' lang='lat'>43,</span> <span class='ocrx_word' id='word_1_238' title='bbox 465 3103 499 3187; x_wconf 91' lang='grc'>8,</span> <span class='ocrx_word' id='word_1_239' title='bbox 518 3105 547 3184; x_wconf 93' lang='grc'>2,</span> <span class='ocrx_word' id='word_1_240' title='bbox 563 3104 613 3169; x_wconf 88' lang='grc'>39.</span> <span class='ocrx_word' id='word_1_241' title='bbox 659 3103 819 3187; x_wconf 90' lang='lat' dir='ltr'>Ulpianus</span> <span class='ocrx_word' id='word_1_242' title='bbox 851 3103 933 3168; x_wconf 91' lang='lat' dir='ltr'>libro</span> <span class='ocrx_word' id='word_1_243' title='bbox 965 3104 1190 3187; x_wconf 81' lang='lat' dir='ltr'>sexagensimo</span> 
     </span>
     <span class='ocr_line' id='line_1_31' title="bbox 182 3190 1192 3277; baseline -0.005 -15"><span class='ocrx_word' id='word_1_244' title='bbox 182 3199 295 3262; x_wconf 81' lang='lat' dir='ltr'>cataro</span> <span class='ocrx_word' id='word_1_245' title='bbox 323 3195 362 3258; x_wconf 87' lang='lat' dir='ltr'>ad</span> <span class='ocrx_word' id='word_1_246' title='bbox 393 3193 531 3258; x_wconf 88' lang='lat' dir='ltr'>edietum</span> <span class='ocrx_word' id='word_1_247' title='bbox 556 3191 605 3276; x_wconf 89' lang='lat' dir='ltr'>(P.</span> <span class='ocrx_word' id='word_1_248' title='bbox 622 3191 731 3277; x_wconf 76' lang='lat'>1503).</span> <span class='ocrx_word' id='word_1_249' title='bbox 853 3190 1084 3274; x_wconf 83' lang='lat' dir='ltr'>Ofiliusputat</span> <span class='ocrx_word' id='word_1_250' title='bbox 1107 3213 1192 3276; x_wconf 93' lang='lat' dir='ltr'>eum,</span> 
     </span>
     <span class='ocr_line' id='line_1_32' title="bbox 182 3279 1191 3371; baseline -0.005 -21"><span class='ocrx_word' id='word_1_251' title='bbox 182 3286 237 3371; x_wconf 90' lang='lat' dir='ltr'>qui</span> <span class='ocrx_word' id='word_1_252' title='bbox 261 3305 319 3368; x_wconf 92' lang='lat' dir='ltr'>pro</span> <span class='ocrx_word' id='word_1_253' title='bbox 344 3283 496 3348; x_wconf 87' lang='lat' dir='ltr'>derelicto</span> <span class='ocrx_word' id='word_1_254' title='bbox 520 3281 652 3365; x_wconf 88' lang='lat' dir='ltr'>reliquit</span> <span class='ocrx_word' id='word_1_255' title='bbox 674 3281 706 3345; x_wconf 89' lang='lat' dir='ltr'>id</span> <span class='ocrx_word' id='word_1_256' title='bbox 731 3302 813 3365; x_wconf 91' lang='lat' dir='ltr'>opus</span> <span class='ocrx_word' id='word_1_257' title='bbox 836 3279 920 3365; x_wconf 87' lang='lat' dir='ltr'>quod</span> <span class='ocrx_word' id='word_1_258' title='bbox 944 3280 1021 3344; x_wconf 90' lang='lat' dir='ltr'>fecit</span> <span class='ocrx_word' id='word_1_259' title='bbox 1042 3281 1083 3360; x_wconf 92' lang='lat' dir='ltr'>[si</span> <span class='ocrx_word' id='word_1_260' title='bbox 1102 3282 1191 3345; x_wconf 85' lang='lat' dir='ltr'>viam</span> 
     </span>
     <span class='ocr_line' id='line_1_33' title="bbox 181 3369 1191 3458; baseline -0.005 -19"><span class='ocrx_word' id='word_1_261' title='bbox 181 3374 343 3458; x_wconf 90' lang='lat' dir='ltr'>publicam</span> <span class='ocrx_word' id='word_1_262' title='bbox 371 3371 515 3455; x_wconf 89' lang='lat' dir='ltr'>corrupit</span> <span class='ocrx_word' id='word_1_263' title='bbox 542 3374 576 3436; x_wconf 88' lang='lat' dir='ltr'>et</span> <span class='ocrx_word' id='word_1_264' title='bbox 603 3369 764 3455; x_wconf 90' lang='lat' dir='ltr'>reliquit],</span> <span class='ocrx_word' id='word_1_265' title='bbox 790 3391 857 3434; x_wconf 92' lang='lat' dir='ltr'>non</span> <span class='ocrx_word' id='word_1_266' title='bbox 879 3370 984 3433; x_wconf 89' lang='lat' dir='ltr'>teneri</span> <span class='ocrx_word' id='word_1_267' title='bbox 1006 3369 1068 3434; x_wconf 89' lang='lat' dir='ltr'>hoc</span> <span class='ocrx_word' id='word_1_268' title='bbox 1090 3369 1191 3434; x_wconf 90' lang='lat' dir='ltr'>inter·</span> 
     </span>
     <span class='ocr_line' id='line_1_34' title="bbox 181 3458 834 3544; baseline -0.005 -18"><span class='ocrx_word' id='word_1_269' title='bbox 181 3464 267 3528; x_wconf 88' lang='lat' dir='ltr'>dicto</span> <span class='ocrx_word' id='word_1_270' title='bbox 293 3461 481 3543; x_wconf 91' lang='lat' dir='ltr'>[nonenim</span> <span class='ocrx_word' id='word_1_271' title='bbox 504 3460 603 3525; x_wconf 88' lang='lat' dir='ltr'>habet</span> <span class='ocrx_word' id='word_1_272' title='bbox 627 3458 712 3544; x_wconf 87' lang='lat' dir='ltr'>quod</span> <span class='ocrx_word' id='word_1_273' title='bbox 734 3459 834 3540; x_wconf 67' lang='lat' dir='ltr'>fecit}</span> 
     </span>
    </p>
   </div>
   <div class='ocr_carea' id='block_1_15' title="bbox 254 3581 547 3662">
    <p class='ocr_par' dir='ltr' id='par_1_15' title="bbox 254 3581 547 3662">
     <span class='ocr_line' id='line_1_35' title="bbox 254 3581 547 3662; baseline -0.003 -26"><span class='ocrx_word' id='word_1_274' title='bbox 254 3590 267 3636; x_wconf 92' lang='lat'>1</span> <span class='ocrx_word' id='word_1_275' title='bbox 294 3584 370 3662; x_wconf 77' lang='lat' dir='ltr'>Trib.</span> <span class='ocrx_word' id='word_1_276' title='bbox 388 3583 419 3638; x_wconf 90' lang='lat' dir='ltr'>in</span> <span class='ocrx_word' id='word_1_277' title='bbox 436 3581 547 3637; x_wconf 87' lang='lat' dir='ltr'>iudicio.</span> 
     </span>
    </p>
   </div>
   <div class='ocr_carea' id='block_1_16' title="bbox 0 0 1315 3914">
    <p class='ocr_par' dir='ltr' id='par_1_16' title="bbox 0 0 1315 3914">
     <span class='ocr_line' id='line_1_36' title="bbox 0 0 1315 3914; baseline 0 0"><span class='ocrx_word' id='word_1_278' title='bbox 0 0 1315 3914; x_wconf 95' lang='lat' dir='ltr'> </span> 
     </span>
    </p>
   </div>
  </div>
 </body>
</html>
