2598 3910
76 151 80 158 ι
180 168 247 232 296
275 167 349 222 VIII.
366 166 498 222 OCTAVI
514 166 715 222 SAEC.IURIS
731 165 1041 223 consumeremus
1055 167 1193 222 TERTIA

70 403 77 418 ‚
179 325 294 396 nerent
331 352 434 415 neque
471 330 510 394 ad
547 349 748 394 communem
780 323 877 395 ¹usum
908 331 1011 414 patris
1045 330 1190 396 familias

181 420 441 486 accommodatae
465 422 579 502 essent,
603 419 809 502 supellectilis
833 441 898 484 non
922 439 999 483 esse.
1034 418 1106 503 [sed
1128 441 1189 486 nee

180 509 355 595 pugillares
380 513 412 572 et
435 508 561 573 codices
584 508 617 570 in
641 507 833 593 supellectili
856 510 977 588 sunt}

269 630 305 688 of.
329 628 426 690 Servii
447 645 590 704 responsa
613 631 663 688 34.

453 798 496 852 Dc
514 799 581 852 lana
600 799 656 852 lino
670 813 801 866 purpura
820 798 916 867 tepula,

247 932 249 936 ’
270 910 320 974 13.
344 907 382 972 D.
397 907 453 990 32,
468 907 522 988 60,
538 907 567 972 2.
609 905 743 971 Alfenus
766 906 848 970 libro
872 907 1010 971 seeundo
1033 905 1188 992 Digesto-

179 1019 252 1062 rum
275 994 413 1062 ePaulo
438 995 687 1079 epitomatorem
707 993 755 1081 (P.
769 994 822 1078 39,
835 993 880 1078 2).
917 993 1007 1060 Lana
1025 995 1094 1060 lino
1113 1018 1188 1080 pur-

178 1107 261 1170 pura
279 1085 372 1149 uxori
391 1084 518 1168 legatie,
537 1105 617 1168 quae
636 1083 704 1148 eius
723 1105 821 1148 eausa
838 1087 955 1166 parata
973 1087 1089 1167 essent,
1113 1106 1188 1149 oum

179 1175 317 1238 multam
353 1173 461 1237 lanam
499 1176 532 1237 et
561 1169 666 1237 omnis
699 1171 825 1258 generis
855 1171 1054 1258 reliquisset,
1090 1195 1188 1258 quae·

178 1264 324 1345 rebatur,
365 1283 407 1326 en
448 1262 553 1326 onmis
590 1261 766 1326 deberetur.
816 1262 997 1345 respondit,
1037 1261 1065 1324 si
1102 1262 1188 1326 nihil

179 1373 219 1416 ex
247 1373 285 1415 ea
313 1351 511 1414 destinasset
537 1349 578 1415 ed
604 1369 699 1414 usum
726 1349 850 1430 uxoris,
882 1349 938 1413 sed
968 1350 1072 1414 omnis
1103 1371 1189 1414 oom-

180 1440 281 1504 mixta
305 1441 399 1521 esset,
421 1461 487 1503 non
510 1437 700 1503 dissimilem
723 1458 792 1502 esse
814 1438 1090 1522 deliberationem,
1113 1459 1189 1503 eum

178 1550 282 1613 penus
309 1528 420 1612 legata
447 1531 532 1592 esset
554 1531 587 1592 et
613 1527 732 1591 multas
759 1547 811 1591 res
838 1547 920 1610 quae
947 1547 1048 1612 penus
1078 1531 1189 1592 essent

179 1616 376 1701 reliquisset,
408 1637 447 1682 ex
475 1616 591 1701 quibus
619 1618 711 1700 pater
737 1614 877 1679 familias
906 1615 1041 1680 vendere
1070 1615 1188 1681 solltue

180 1711 273 1771 esset.
318 1727 394 1770 nam
422 1705 450 1770 si
477 1705 555 1770 vina
582 1703 763 1770 diffudisset
788 1703 956 1768 habiturus
984 1702 1092 1768 usioni
1115 1705 1188 1788 ipse

154 1871 157 1876 Α
179 1799 213 1861 et
238 1795 332 1860 heres
362 1795 443 1876 eius,
470 1798 580 1858 tamen
608 1813 704 1858 omne
731 1793 765 1856 in
788 1813 874 1875 penu
896 1791 1084 1857 existimari.
1130 1793 1188 1857 sed

179 1906 251 1950 eum
274 1885 466 1968 probaretur
489 1905 561 1946 eum
585 1883 639 1966 qui
661 1883 891 1946 testamentum
910 1881 1040 1946 fecisset
1058 1882 1187 1965 partem

179 1995 280 2058 penus
308 1973 444 2037 vendere
473 1971 605 2036 solitum
633 1991 716 2054 esse,
745 1969 958 2034 constitutum
981 1991 1063 2053 esse,
1087 1974 1125 2034 ut
1147 1991 1189 2035 ex

180 2083 232 2135 eo,
269 2061 353 2144 quod
391 2059 430 2123 ad
463 2081 582 2124 annum
615 2079 695 2142 opus
728 2062 826 2141 esset,
861 2057 993 2123 heredes
1025 2059 1188 2144 legatario

180 2149 302 2214 darent
341 2149 387 2214 sic
410 2147 489 2211 mihi
511 2147 619 2231 placet
638 2147 722 2210 etin
742 2147 818 2212 lana
835 2147 913 2233 fieri,
932 2151 969 2211 ut
987 2168 1025 2210 ex
1043 2168 1081 2211 ea
1101 2147 1189 2232 quod

181 2237 221 2302 ed
244 2259 338 2301 usum
362 2257 504 2301 annuum
527 2235 654 2300 mulieri
673 2235 751 2300 satis
771 2241 865 2320 esset,
888 2257 926 2300 ea
945 2240 1098 2301 sumeret:
1120 2257 1190 2301 non

180 2325 265 2390 enim
289 2324 424 2389 deducto
449 2346 495 2408 ee,
519 2324 603 2410 quod
628 2325 667 2390 ad
690 2324 753 2389 viri
775 2347 869 2389 usum
893 2345 973 2407 opus
994 2330 1090 2407 esset,
1113 2325 1189 2389 reli-

181 2435 279 2498 quum
315 2414 409 2478 uxori
445 2414 588 2498 legatum
612 2435 708 2499 esse,
744 2413 799 2477 sed
831 2413 915 2496 quod
947 2414 1056 2477 uxoris
1089 2435 1190 2478 cause
1293 2461 1294 2480 .

178 2506 329 2588 paratum
353 2505 447 2568 esset.

268 2624 304 2684 ef.
328 2623 424 2684 Seruii
446 2641 590 2700 responsa
613 2624 674 2682 36:

542 2792 585 2846 Dc
603 2797 714 2862 arpeato
733 2791 827 2861 leuato.

270 2902 320 2964 14.
349 2900 386 2973 D.¹
405 2901 461 2982 34,
480 2902 514 2980 2,
533 2901 584 2965 28.
626 2901 762 2964 Alfenus
790 2898 897 2963 Varus
929 2898 1013 2963 libro
1046 2901 1188 2983 septimo
1292 2855 1294 2872 ἶ

180 2989 390 3074 Digestorum
410 2985 459 3072 (P.
474 2983 556 3074 29¹³).
593 2985 673 3053 Cum
692 2989 726 3052 in
744 2991 939 3052 testamento
960 2987 1055 3052 alicui
1074 3009 1188 3073 argen-

180 3082 263 3162 tum,
290 3076 375 3159 quod
401 3097 478 3157 usus
507 3077 556 3140 sui
584 3097 681 3141 eausa
707 3080 856 3160 paratum
884 3080 981 3159 esset,
1013 3076 1188 3162 legeretur,

180 3167 321 3250 itemque
339 3164 438 3230 vestis
457 3167 514 3230 aut
532 3164 684 3248 supellex,
706 3163 887 3248 quaesitum
906 3169 965 3249 est,
987 3164 1063 3248 quid
1082 3166 1189 3231 cuius·
1293 3185 1294 3196 ³

180 3278 242 3342 que
270 3276 347 3319 usus
375 3275 471 3318 causa
497 3252 658 3319 videretur
685 3256 834 3337 paratum
862 3274 945 3336 esse,
977 3259 1126 3318 utrumne
1154 3254 1188 3318 id

180 3348 365 3430 argentum,
401 3342 485 3426 qued
522 3342 640 3424 [victus
677 3342 727 3406 sui
764 3363 861 3406 eausa
892 3344 1056 3424 paratum]
1092 3347 1189 3428 pater

179 3433 321 3498 familias
353 3431 394 3496 ad
426 3431 620 3496 cotidianum
651 3453 745 3495 usum
773 3434 918 3514 parasset
945 3452 987 3494 an
1015 3437 1048 3494 et
1075 3431 1103 3493 si
1131 3453 1188 3496 ees

50 3588 55 3591 ,
181 3541 308 3585 mensas
336 3523 504 3604 argenteas
534 3522 566 3584 et
593 3519 660 3584 eius
689 3519 815 3603 generis
843 3519 1015 3601 argentum
1043 3518 1189 3602 haberet,
