2598 3910
173 209 239 273 262
275 209 335 264 Vll.
359 209 493 264 OCTAVI
510 209 719 264 saturnius
734 209 909 265 CONSULT.
924 209 1190 266 SER.SFGUNDA
1283 253 1284 256 ,

553 369 596 422 De
613 370 805 426 sacertotibus.

261 473 291 535 3.
318 469 406 535 Fest.
425 495 455 556 p.
474 472 568 554 277⁵,
587 470 615 534 5.
642 505 681 516 -
708 469 805 534 Ricae
829 475 862 534 et
884 471 1005 536 riculae
1028 476 1190 536 vocantur

174 581 277 642 parva
317 559 445 642 ricinia,
485 564 522 624 ut
558 559 691 643 palliola
727 558 768 622 ad
804 581 898 624 usum
935 561 1052 644 capitis
1090 561 1189 625 faeta.

175 647 316 713 Granius
348 649 476 733 quidem
506 647 553 712 ait
582 669 652 712 esse
679 647 835 712 muliebre
864 649 1030 734 cingulum
1059 650 1190 733 capitis,

173 758 236 820 quo
260 759 319 821 pro
342 737 425 802 vitta
447 735 627 801 Flaminica
649 736 848 804 redimiatur.

260 857 402 918 Huschke
421 858 624 935 fragmentum
643 857 679 915 dc
697 855 935 934 indigitamentis
954 859 1032 918 libro
1052 859 1189 936 adserip-

174 947 225 1025 sir,
249 948 301 1005 sed
323 947 422 1005 minus
446 949 540 1022 reete,
564 946 678 1020 opinor.

318 1177 356 1236 Il.
381 1177 429 1236 De
452 1177 749 1254 indigitamentis
773 1177 814 1235 ad
838 1175 1037 1238 Gaesarem.

1283 721 1285 776 l

1284 1153 1286 1288 l

261 1303 335 1362 Post
367 1300 510 1361 Granium
543 1301 684 1360 Flaccum
716 1301 750 1360 L.
774 1299 929 1360 Gemelius
957 1303 1071 1362 Balbus
1097 1294 1188 1381 Ἐξη-
1285 1299 1286 1362 ἶ

171 1391 431 1557 ξὲτὲιόὅέν41ἰὺῐοε
455 1391 574 1452 videtur
592 1387 812 1466 conscripsisse.
854 1391 891 1449 cf.
911 1391 1187 1470 Teuffel-Schwabe

295 1525 302 1555 ‚
339 1525 346 1539 .

263 1593 292 1656 1.
319 1589 517 1657 Censorinus
537 1590 565 1654 d.
579 1611 610 1654 n.
626 1591 656 1673 3,
671 1592 700 1654 2.
718 1588 928 1653 —Eundem
951 1611 1022 1654 esse
1045 1588 1187 1655 Genium

173 1686 206 1745 et
232 1681 348 1745 Larem
375 1679 469 1743 multi
496 1682 621 1743 veteres
649 1677 873 1762 prodiderunt,
906 1679 940 1742 in
968 1679 1058 1763 queis
1087 1680 1188 1744 etiam

172 1769 314 1834 Granius
350 1767 486 1833 Flaccus
523 1769 557 1831 in
594 1767 693 1851 libro,
730 1788 825 1850 quem
862 1767 903 1831 ad
935 1765 1108 1832 Gaesarem
1146 1769 1187 1834 de

171 1857 431 1944 indigitamentis
455 1857 611 1939 scriptum
634 1856 775 1939 reliquit.

262 1949 292 2013 2.
325 1947 469 2011 Macrob.
493 1949 552 2009 sat.
568 1947 606 2028 ⁸l,
627 1945 678 2027 18,
696 1947 726 2008 4.
761 1981 799 1991 -
833 1943 917 2009 Item
949 1944 1078 2010 Boeotii
1110 1945 1188 2010 Par-

171 2059 287 2101 nasum
319 2039 463 2100 montem
490 2033 639 2116 Apollini
672 2039 832 2098 sacratum
861 2055 931 2098 esse
959 2040 1188 2118 memorantes,

174 2125 270 2190 simul
307 2127 418 2187 tamen
449 2123 484 2186 in
516 2122 628 2186 eodem
661 2125 694 2186 ct
727 2123 892 2187 oraculum
924 2122 1120 2206 Delphicum
1153 2131 1189 2188 et

174 2213 345 2296 speluncas
363 2210 539 2277 Bacchicas
563 2212 618 2275 uni
638 2211 697 2275 deo
717 2216 921 2276 consecratas
940 2211 1060 2278 colunt.
1101 2212 1188 2277 unde

174 2308 207 2365 et
225 2299 370 2384 Apollini
393 2303 425 2364 et
443 2299 559 2365 Libero
582 2300 669 2384 patri
686 2300 721 2364 in
740 2299 851 2366 eodem
874 2304 984 2364 mente
1003 2322 1055 2364 res
1076 2299 1187 2366 divina

173 2391 362 2454 celebratur.
412 2389 497 2473 quod
530 2410 602 2452 cum
630 2393 663 2453 et
689 2388 794 2454 Varro
815 2392 856 2465 ,et
884 2388 1022 2454 Granius
1050 2389 1187 2455 Flaccus

174 2478 349 2558 affirment,
372 2479 471 2542 etiam
494 2477 668 2563 Euripides
692 2479 743 2542 his
766 2477 859 2541 docet

261 2569 291 2634 3.
325 2567 447 2632 Amob.
479 2567 549 2632 adv.
582 2572 649 2632 nat.
681 2568 716 2650 3,
739 2566 791 2632 31.
830 2602 868 2614 -
907 2567 1116 2646 Aristoteles,
1148 2572 1187 2632 ut

174 2656 314 2722 Granius
347 2660 518 2739 memorat,
552 2657 601 2720 vir
632 2656 762 2742 ingenio
793 2659 991 2739 praepotens
1024 2659 1122 2740 atque
1150 2657 1188 2720 in

162 2746 323 2811 ‚doctrina
358 2747 563 2830 praecipuus,
600 2745 779 2810 Minervam
817 2766 887 2808 esse
923 2744 1038 2808 lunam
1070 2746 1190 2828 proba·

173 2835 294 2898 bilibus
332 2834 534 2919 argumentis
571 2835 713 2918 explicat
749 2836 782 2897 et
814 2834 960 2897 litterata
992 2835 1187 2899 auctoritate

173 2922 381 2988 demonstrat.

263 3013 293 3075 4.
317 3011 439 3075 Amob.
454 3011 497 3074 ib.
517 3012 546 3094 3,
566 3010 616 3075 38.
643 3047 680 3056 -
706 3009 901 3076 Novensiles
921 3011 996 3075 Piso
1016 3011 1092 3076 deos
1115 3033 1187 3077 esse
1287 3029 1288 3068 l

174 3099 276 3164 credit
293 3121 408 3164 novem
426 3099 462 3162 in
481 3097 609 3163 Sabinis
629 3100 714 3182 apud
732 3099 883 3163 Trebiam
903 3100 1106 3164 constitutos.
1125 3101 1187 3166 hos
1287 3105 1288 3178 l

175 3187 315 3254 Granius
339 3187 449 3252 Musas
477 3191 572 3271 putat
594 3209 785 3252 consensum
810 3189 1056 3254 accommodans
1080 3190 1186 3255 Aelio.
1287 3217 1288 3280 l

265 3308 338 3368 Oum
358 3308 510 3368 Amobius
528 3307 575 3367 his
594 3307 668 3367 locis
688 3305 833 3368 Granium
851 3309 991 3368 Flaccum
1016 3303 1187 3370 ‘Granium'

173 3399 315 3476 nominet,
339 3399 426 3476 5,18
455 3397 509 3456 ubi
529 3391 693 3456 ‘Flaccum'
716 3397 860 3475 nominat,
883 3419 953 3458 eum
970 3417 1031 3458 non
1049 3400 1186 3476 eundem,

175 3488 228 3545 sed
250 3489 351 3563 potius
369 3487 510 3546 Verrium
528 3487 669 3545 Flaccum
691 3485 848 3562 designare
866 3489 950 3562 puto.
987 3487 1075 3546 alitor
1094 3489 1188 3547 sentit

175 3574 316 3634 Huschke
339 3597 368 3652 p.
390 3579 461 3636 109.
