2614 3914
181 199 248 264 340
274 197 348 254 VIII.
365 197 500 254 OCTAVI
513 198 611 254 SAEO.
620 199 718 255 IURIS
732 199 1041 257 consuescamus
1054 200 1193 256 TERTIA

268 367 450 444 Pomponius
468 365 488 443 ξ
503 369 545 427 44
565 359 804 449 (exMommseni
820 360 1006 452 recensione)
1026 363 1046 429 ³.
1056 413 1080 429 ..
1095 369 1191 430 libros

181 457 218 516 de
239 457 306 515 iure
329 456 411 517 civili
432 457 578 532 plurimos
602 460 633 518 et
655 458 708 534 qui
730 477 847 518 omnem
870 462 987 534 partem
1006 459 1104 533 operis
1122 459 1192 518 fun-
1279 535 1282 542 .

180 545 288 605 darent
309 545 440 622 reliquit
484 565 555 604 nam
578 545 613 605 de
636 545 755 623 legibus
778 547 958 607 vicensimae
980 548 1095 623 primus
1119 566 1191 608 con-

181 635 297 711 scribit,
330 634 366 693 de
398 634 604 694 iurisdictione
626 634 713 694 ‘idem
741 635 871 694 edictum
898 636 1046 712 praetoris
1073 636 1191 712 primus

179 723 343 802 diligenter
365 723 534 798 composuit
554 717 617 782 ...’
641 724 673 782 in
691 723 852 782 Iustiniani
874 724 1009 800 DigestIs
1032 728 1192 800 practerea

179 812 342 872 laudantur
360 807 524 871 ‘actionum
542 804 623 870 libri'
643 805 694 893 (D.
710 815 761 888 33,
777 816 805 890 9,
821 815 850 890 3,
866 815 894 873 5.
915 804 960 894 8),
979 807 1065 873 ‘iuris
1082 815 1192 890 partiti
1219 832 1222 838 ’

179 896 261 960 libri'
285 899 335 978 (D.
352 903 407 978 32,
423 902 473 972 55,
491 903 518 979 1,
533 903 561 960 4.
584 892 617 981 7)
641 904 673 961 et
696 895 813 961 tOfilius
837 901 875 961 ad
898 896 1046 961 Attionm'
1070 895 1120 984 (Ι).
1138 905 1191 980 50,

71 995 73 1001 ⁴
181 991 319 1070 1o‚234,
335 982 378 1070 2).

266 1077 423 1154 Pomponii
452 1077 543 1137 verba
569 1077 601 1136 in
623 1080 754 1137 mentem
776 1083 919 1140 revocant
945 1098 980 1138 ea
1006 1098 1083 1156 quac
1107 1081 1191 1156 apud

177 1167 306 1227 eundem
328 1164 347 1242 ξ
368 1169 408 1226 39
428 1167 583 1244 leguntur:
607 1161 626 1226 ἵ
642 1209 667 1226 ..
682 1166 806 1226 Publius
831 1168 947 1228 Mucius
969 1171 1000 1227 et
1017 1168 1134 1228 Brutus
1158 1175 1190 1230 et

177 1256 330 1334 Manilius,
352 1255 405 1332 qui
427 1255 630 1316 fundaverunt
652 1256 700 1314 ius
723 1251 829 1318 civile'.
867 1259 1001 1316 ceterum
1023 1257 1078 1316 ills
1096 1259 1190 1318 verbs.

176 1363 198 1404 e
231 1345 302 1404 viris
333 1344 429 1404 doctis
460 1345 612 1421 plerisque
640 1349 782 1420 corrupta
808 1345 969 1420 habentur,
1003 1365 1062 1423 qua
1090 1346 1127 1406 de
1155 1367 1189 1407 re

177 1433 266 1510 infra,
288 1432 342 1491 ubi
359 1432 396 1492 de
416 1433 544 1510 singulis
563 1430 645 1492 Ofilii
663 1433 803 1510 operibus
823 1434 995 1511 disseretur,
1014 1435 1188 1497 referemus,

178 1524 247 1580 ante
280 1522 498 1581 Mommscnum
525 1521 683 1599 Pomponii
714 1523 806 1582 verba
836 1542 896 1582 non
928 1523 985 1601 ita,
1017 1523 1064 1582 uti
1097 1542 1190 1601 snpra

177 1611 274 1670 relate
306 1613 388 1688 sunt,
421 1609 697 1688 distinguebantur,
731 1611 784 1670 sed
813 1614 959 1671 commate
985 1614 1055 1670 ente
1083 1631 1189 1673 vocem

176 1693 289 1759 ‘idem'
317 1699 416 1776 posito
444 1691 486 1781 (³.
502 1743 533 1760 ..
559 1699 674 1776 primus
702 1699 873 1778 conscribit,
904 1699 940 1758 de
967 1699 1188 1780 iurisdictiou03

176 1788 257 1848 idem
279 1788 481 1848 edictum...
500 1781 703 1868 composuit').
742 1789 779 1848 cf.
798 1789 935 1867 Krueger
957 1808 985 1864 p.
1002 1791 1052 1849 63.
1095 1794 1128 1849 at
1150 1811 1188 1850 ne

176 1877 354 1938 Mommseni
372 1877 491 1956 quidem
510 1877 598 1937 lectio
616 1877 725 1954 placet,
746 1877 856 1955 quippe
876 1895 952 1955 quae
970 1877 1059 1936 nimis
1079 1877 1187 1938 duram

176 1967 337 2027 verborum
364 1965 601 2025 coniunctionem
628 1965 745 2025 habeat.
792 1985 811 2024 a
837 1967 928 2026 verbo
952 1959 1053 2025 ‘idem'
1077 1986 1188 2028 novam

177 2056 357 2115 sententiam
383 2054 514 2130 incipere
538 2054 642 2131 negari
665 2073 725 2113 non
748 2055 849 2114 debet:
878 2055 979 2132 itaque
1002 2053 1071 2130 post
1093 2057 1188 2117 verba

177 2136 226 2201 ‘de
244 2136 461 2202 iurisdictione’
476 2142 621 2219 quaedam
635 2141 778 2202 excidisse
792 2143 900 2221 iudico,
919 2147 953 2202 ut
968 2144 1010 2202 sic
1024 2143 1187 2220 legendum

177 2231 229 2290 sit:
258 2226 306 2290 ‘de
329 2230 448 2308 legibus
472 2263 522 2290 ...=
546 2231 717 2309 conscribit,
742 2232 778 2290 de
801 2232 1007 2292 iurisdictione
1031 2228 1052 2310 <
1054 2276 1155 2293 .....
1178 2281 1186 2313 ,

175 2319 255 2378 idem
277 2319 407 2378 edictum
427 2364 477 2379 ...
497 2314 684 2396 composuit'.
724 2339 801 2398 quae
824 2320 916 2381 verba
935 2320 1077 2381 excidisse
1095 2326 1184 2398 puta·

175 2407 282 2487 verim,
306 2407 385 2466 infra
407 2407 568 2484 explicabo.
588 2417 590 2424 “

330 2639 371 2699 ΙΙ.
403 2639 455 2698 Ad
479 2640 636 2700 edictum
660 2639 842 2717 praetoris
865 2638 954 2698 libri

263 2763 444 2841 Pomponius
463 2761 482 2839 ἐ
497 2767 539 2824 44
563 2759 581 2824 ἵ
597 2812 603 2824 .
619 2809 626 2823 .
641 2764 772 2823 edictum
791 2764 906 2839 primus
925 2762 1087 2841 diligenter
1105 2783 1185 2826 com-

175 2846 296 2926 posuit'.
348 2852 446 2929 „Dass
476 2853 532 2910 mit
562 2846 710 2912 ‘edictum
732 2844 924 2928 componore'
947 2851 1032 2911 nicht
1054 2852 1104 2912 ein
1126 2873 1185 2914 von

176 2938 282 2998 Ofilius
306 2940 471 2999 erlassenes
491 2940 579 2999 Ediot
601 2941 734 3016 gemeint
756 2960 826 3018 war,
850 2941 931 3000 steht
953 2940 1027 3016 fest,
1052 2941 1105 3001 der
1126 2942 1184 3003 Zu-

175 3029 388 3106 semmenhang
420 3029 524 3087 deutet
555 3029 611 3087 auf
640 3029 705 3088 eine
736 3029 947 3108 sorgftltigerc
979 3029 1184 3109 Bearbeitung

175 3117 227 3176 des
250 3116 366 3192 Edicta,
395 3117 440 3176 als
468 3116 510 3176 sie
538 3117 640 3176 bishcr
662 3117 773 3195 crfolgt
795 3137 871 3194 war,
899 3137 938 3177 an
965 3117 1030 3178 eine
1054 3117 1183 3180 Umord·

173 3225 257 3283 nung
285 3206 441 3266 desselben
467 3206 509 3264 im
532 3204 723 3266 Commentar
750 3227 787 3266 zu
809 3207 938 3283 denken,
966 3207 1111 3267 erleuben
1134 3209 1183 3268 die

174 3295 333 3373 folgenden
352 3295 458 3356 Worte
476 3296 571 3355 nicht:
591 3313 661 3354 nam
679 3298 749 3355 ente
768 3315 836 3355 eum
856 3296 977 3356 Servius
995 3295 1070 3355 duos
1088 3296 1183 3358 libros

174 3384 212 3442 ad
235 3385 365 3444 Brutum
391 3404 537 3462 perquam
563 3384 754 3446 brevissimos
782 3385 820 3444 ad
843 3385 973 3444 edictum
996 3385 1182 3463 subscriptos

174 3469 313 3548 reliquit“
331 3474 451 3552 Krbger
468 3495 497 3552 p.
513 3475 554 3533 63
573 3492 601 3532 n.
622 3475 672 3533 38.
704 3474 736 3534 in
759 3474 862 3534 codem
882 3472 1076 3548 Digestorum
1097 3474 1181 3553 frag-

174 3565 274 3621 mento
300 3581 359 3622 vox
382 3557 581 3640 ‘componore’
605 3563 725 3638 saepius
748 3562 877 3623 occurrit
900 3554 935 3639 (ξ
956 3561 974 3618 2
999 3554 1092 3640 ‘leges
1116 3564 1181 3624 sinc
