<?xml version="1.0" encoding="UTF-8"?>
<!DOCTYPE html PUBLIC "-//W3C//DTD XHTML 1.0 Transitional//EN"
    "http://www.w3.org/TR/xhtml1/DTD/xhtml1-transitional.dtd">
<html xmlns="http://www.w3.org/1999/xhtml" xml:lang="en" lang="en">
 <head>
  <title>
</title>
<meta http-equiv="Content-Type" content="text/html;charset=utf-8" />
  <meta name='ocr-system' content='tesseract 3.04.00' />
  <meta name='ocr-capabilities' content='ocr_page ocr_carea ocr_par ocr_line ocrx_word'/>
</head>
<body>
  <div class='ocr_page' id='page_1' title='image "./iurisprudentiae05bremgoog_0093.png"; bbox 0 0 2600 3908; ppageno 0'>
   <div class='ocr_carea' id='block_1_1' title="bbox 290 207 1108 278">
    <p class='ocr_par' dir='ltr' id='par_1_1' title="bbox 290 207 1108 278">
     <span class='ocr_line' id='line_1_1' title="bbox 290 207 1108 278; baseline 0.004 -12"><span class='ocrx_word' id='word_1_1' title='bbox 290 218 314 266; x_wconf 82' lang='grc'><strong>7.</strong></span> <span class='ocrx_word' id='word_1_2' title='bbox 340 207 371 274; x_wconf 83' lang='lat' dir='ltr'><strong>Q.</strong></span> <span class='ocrx_word' id='word_1_3' title='bbox 391 207 526 266; x_wconf 78' lang='lat' dir='ltr'><strong>nucius</strong></span> <span class='ocrx_word' id='word_1_4' title='bbox 545 211 575 268; x_wconf 93' lang='lat' dir='ltr'><strong>P.</strong></span> <span class='ocrx_word' id='word_1_5' title='bbox 590 211 620 266; x_wconf 86' lang='lat' dir='ltr'><strong>F.</strong></span> <span class='ocrx_word' id='word_1_6' title='bbox 635 213 664 266; x_wconf 91' lang='lat' dir='ltr'><strong>P.</strong></span> <span class='ocrx_word' id='word_1_7' title='bbox 679 212 714 268; x_wconf 88' lang='lat' dir='ltr'><strong>N.</strong></span> <span class='ocrx_word' id='word_1_8' title='bbox 730 211 932 268; x_wconf 80' lang='lat' dir='ltr'>SOAEVOLA&#39;</span> <span class='ocrx_word' id='word_1_9' title='bbox 1068 213 1108 278; x_wconf 68' lang='lat'><strong>81</strong></span> 
     </span>
    </p>
   </div>
   <div class='ocr_carea' id='block_1_2' title="bbox 18 373 1158 2856">
    <p class='ocr_par' dir='ltr' id='par_1_2' title="bbox 18 373 1146 1794">
     <span class='ocr_line' id='line_1_2' title="bbox 99 373 1110 462; baseline 0.002 -22"><span class='ocrx_word' id='word_1_10' title='bbox 99 399 119 440; x_wconf 87' lang='lat' dir='ltr'><strong>a</strong></span> <span class='ocrx_word' id='word_1_11' title='bbox 141 373 178 451; x_wconf 78' lang='lat' dir='ltr'><strong>Q.</strong></span> <span class='ocrx_word' id='word_1_12' title='bbox 192 374 305 440; x_wconf 85' lang='lat' dir='ltr'><strong>¹Mucio</strong></span> <span class='ocrx_word' id='word_1_13' title='bbox 330 377 483 460; x_wconf 89' lang='lat' dir='ltr'><strong>pontifice</strong></span> <span class='ocrx_word' id='word_1_14' title='bbox 507 375 645 440; x_wconf 85' lang='lat' dir='ltr'><strong>maxime</strong></span> <span class='ocrx_word' id='word_1_15' title='bbox 667 379 855 459; x_wconf 88' lang='lat' dir='ltr'><strong>conceptum</strong></span> <span class='ocrx_word' id='word_1_16' title='bbox 876 377 1001 460; x_wconf 88' lang='lat' dir='ltr'><strong>dicitur,</strong></span> <span class='ocrx_word' id='word_1_17' title='bbox 1024 377 1110 462; x_wconf 90' lang='lat' dir='ltr'><strong>quod</strong></span> 
     </span>
     <span class='ocr_line' id='line_1_3' title="bbox 99 464 534 548; baseline 0.005 -20"><span class='ocrx_word' id='word_1_18' title='bbox 99 466 132 528; x_wconf 92' lang='lat' dir='ltr'><strong>in</strong></span> <span class='ocrx_word' id='word_1_19' title='bbox 155 464 343 548; x_wconf 87' lang='lat' dir='ltr'><strong>adrogando</strong></span> <span class='ocrx_word' id='word_1_20' title='bbox 367 467 534 530; x_wconf 91' lang='lat' dir='ltr'><strong>iuraretur.</strong></span> 
     </span>
     <span class='ocr_line' id='line_1_4' title="bbox 18 552 1110 646; baseline 0.004 -30"><span class='ocrx_word' id='word_1_21' title='bbox 18 627 19 646; x_wconf 54' lang='grc'>,</span> <span class='ocrx_word' id='word_1_22' title='bbox 187 557 224 618; x_wconf 83' lang='lat' dir='ltr'><strong>oi.</strong></span> <span class='ocrx_word' id='word_1_23' title='bbox 248 555 312 618; x_wconf 83' lang='lat' dir='ltr'><strong>Gai.</strong></span> <span class='ocrx_word' id='word_1_24' title='bbox 331 559 355 636; x_wconf 94' lang='grc' dir='ltr'><strong>Ι,</strong></span> <span class='ocrx_word' id='word_1_25' title='bbox 381 561 442 620; x_wconf 80' lang='grc'><strong>102</strong></span> <span class='ocrx_word' id='word_1_26' title='bbox 467 552 485 618; x_wconf 71' lang='lat'><strong>³.</strong></span> <span class='ocrx_word' id='word_1_27' title='bbox 502 604 530 618; x_wconf 86' lang='lat'><strong>..</strong></span> <span class='ocrx_word' id='word_1_28' title='bbox 557 557 732 634; x_wconf 80' lang='lat' dir='ltr'>inpuberem</span> <span class='ocrx_word' id='word_1_29' title='bbox 756 561 831 634; x_wconf 88' lang='lat' dir='ltr'><strong>aput</strong></span> <span class='ocrx_word' id='word_1_30' title='bbox 852 559 998 636; x_wconf 89' lang='lat' dir='ltr'><strong>populum</strong></span> <span class='ocrx_word' id='word_1_31' title='bbox 1021 559 1110 637; x_wconf 88' lang='lat' dir='ltr'><strong>adop-</strong></span> 
     </span>
     <span class='ocr_line' id='line_1_5' title="bbox 98 646 1109 725; baseline 0.003 -19"><span class='ocrx_word' id='word_1_32' title='bbox 98 646 157 706; x_wconf 87' lang='lat' dir='ltr'><strong>tari</strong></span> <span class='ocrx_word' id='word_1_33' title='bbox 185 647 344 724; x_wconf 87' lang='lat' dir='ltr'><strong>aliquando</strong></span> <span class='ocrx_word' id='word_1_34' title='bbox 371 648 558 725; x_wconf 87' lang='lat' dir='ltr'><strong>prohibitum</strong></span> <span class='ocrx_word' id='word_1_35' title='bbox 581 651 641 724; x_wconf 77' lang='lat' dir='ltr'><strong>est,</strong></span> <span class='ocrx_word' id='word_1_36' title='bbox 668 646 828 724; x_wconf 86' lang='lat' dir='ltr'><strong>aliquando</strong></span> <span class='ocrx_word' id='word_1_37' title='bbox 851 649 1031 724; x_wconf 86' lang='lat' dir='ltr'><strong>permissum</strong></span> <span class='ocrx_word' id='word_1_38' title='bbox 1055 653 1109 709; x_wconf 87' lang='lat' dir='ltr'><strong>est.</strong></span> 
     </span>
     <span class='ocr_line' id='line_1_6' title="bbox 18 735 1111 816; baseline 0.003 -22"><span class='ocrx_word' id='word_1_39' title='bbox 18 803 19 816; x_wconf 20' lang='lat'>¹</span> <span class='ocrx_word' id='word_1_40' title='bbox 99 753 176 794; x_wconf 88' lang='lat' dir='ltr'><strong>nune</strong></span> <span class='ocrx_word' id='word_1_41' title='bbox 195 753 231 795; x_wconf 85' lang='lat' dir='ltr'><strong>ex</strong></span> <span class='ocrx_word' id='word_1_42' title='bbox 250 735 380 812; x_wconf 74' lang='lat' dir='ltr'><strong>epistula</strong></span> <span class='ocrx_word' id='word_1_43' title='bbox 397 737 504 813; x_wconf 90' lang='lat' dir='ltr'><strong>optimi</strong></span> <span class='ocrx_word' id='word_1_44' title='bbox 516 735 705 812; x_wconf 87' lang='lat' dir='ltr'><strong>imperatoris</strong></span> <span class='ocrx_word' id='word_1_45' title='bbox 720 736 866 796; x_wconf 74' lang='lat' dir='ltr'><strong>Antonini</strong></span> <span class='ocrx_word' id='word_1_46' title='bbox 880 755 972 814; x_wconf 88' lang='lat' dir='ltr'><strong>quam</strong></span> <span class='ocrx_word' id='word_1_47' title='bbox 991 737 1111 814; x_wconf 78' lang='lat' dir='ltr'>scripsit</span> 
     </span>
     <span class='ocr_line' id='line_1_7' title="bbox 99 823 1146 906; baseline 0.004 -23"><span class='ocrx_word' id='word_1_48' title='bbox 99 823 298 900; x_wconf 82' lang='lat' dir='ltr'><strong>pontificibus,</strong></span> <span class='ocrx_word' id='word_1_49' title='bbox 322 825 348 884; x_wconf 86' lang='lat' dir='ltr'><strong>si</strong></span> <span class='ocrx_word' id='word_1_50' title='bbox 371 825 453 884; x_wconf 90' lang='lat' dir='ltr'><strong>iusta</strong></span> <span class='ocrx_word' id='word_1_51' title='bbox 476 843 568 884; x_wconf 92' lang='lat' dir='ltr'><strong>eausa</strong></span> <span class='ocrx_word' id='word_1_52' title='bbox 586 823 755 900; x_wconf 89' lang='lat' dir='ltr'><strong>adoptionis</strong></span> <span class='ocrx_word' id='word_1_53' title='bbox 775 843 839 884; x_wconf 87' lang='lat' dir='ltr'><strong>esse</strong></span> <span class='ocrx_word' id='word_1_54' title='bbox 858 825 1019 906; x_wconf 82' lang='lat' dir='ltr'><strong>videbitur,</strong></span> <span class='ocrx_word' id='word_1_55' title='bbox 1043 845 1111 886; x_wconf 89' lang='lat' dir='ltr'><strong>cum</strong></span> <span class='ocrx_word' id='word_1_56' title='bbox 1144 859 1146 864; x_wconf 92' lang='lat'>·</span> 
     </span>
     <span class='ocr_line' id='line_1_8' title="bbox 18 907 815 990; baseline 0.001 -18"><span class='ocrx_word' id='word_1_57' title='bbox 18 917 19 952; x_wconf 63' lang='lat'><strong>³</strong></span> <span class='ocrx_word' id='word_1_58' title='bbox 100 913 279 990; x_wconf 87' lang='lat' dir='ltr'><strong>quibusdam</strong></span> <span class='ocrx_word' id='word_1_59' title='bbox 302 913 524 974; x_wconf 76' lang='lat' dir='ltr'><strong>condicionibus</strong></span> <span class='ocrx_word' id='word_1_60' title='bbox 547 913 727 990; x_wconf 88' lang='lat' dir='ltr'><strong>permissum</strong></span> <span class='ocrx_word' id='word_1_61' title='bbox 749 907 815 973; x_wconf 86' lang='lat' dir='ltr'><strong>cst&#39;</strong></span> 
     </span>
     <span class='ocr_line' id='line_1_9' title="bbox 18 994 1109 1082; baseline 0.005 -23"><span class='ocrx_word' id='word_1_62' title='bbox 18 1023 19 1030; x_wconf 45' lang='lat'>¹</span> <span class='ocrx_word' id='word_1_63' title='bbox 187 997 217 1060; x_wconf 78' lang='lat'><strong>2.</strong></span> <span class='ocrx_word' id='word_1_64' title='bbox 241 995 322 1061; x_wconf 83' lang='lat' dir='ltr'><strong>Gell.</strong></span> <span class='ocrx_word' id='word_1_65' title='bbox 338 999 368 1082; x_wconf 87' lang='lat'><strong>3,</strong></span> <span class='ocrx_word' id='word_1_66' title='bbox 377 998 407 1075; x_wconf 80' lang='lat'><strong>2,</strong></span> <span class='ocrx_word' id='word_1_67' title='bbox 420 997 469 1080; x_wconf 84' lang='lat'><strong>12,</strong></span> <span class='ocrx_word' id='word_1_68' title='bbox 481 999 531 1064; x_wconf 87' lang='lat'><strong>13.</strong></span> <span class='ocrx_word' id='word_1_69' title='bbox 548 1032 586 1045; x_wconf 89' lang='lat'><em>-</em></span> <span class='ocrx_word' id='word_1_70' title='bbox 604 995 684 1080; x_wconf 74' lang='lat' dir='ltr'><strong>(Q.)</strong></span> <span class='ocrx_word' id='word_1_71' title='bbox 698 994 843 1062; x_wconf 85' lang='lat' dir='ltr'><strong>Mucium</strong></span> <span class='ocrx_word' id='word_1_72' title='bbox 856 997 1109 1064; x_wconf 88' lang='lat' dir='ltr'><strong>iureconsultum</strong></span> 
     </span>
     <span class='ocr_line' id='line_1_10' title="bbox 100 1085 1109 1174; baseline 0.006 -26"><span class='ocrx_word' id='word_1_73' title='bbox 100 1085 202 1150; x_wconf 90' lang='lat' dir='ltr'><strong>dicere</strong></span> <span class='ocrx_word' id='word_1_74' title='bbox 222 1085 352 1150; x_wconf 89' lang='lat' dir='ltr'><strong>solitum</strong></span> <span class='ocrx_word' id='word_1_75' title='bbox 371 1087 442 1170; x_wconf 79' lang='lat' dir='ltr'><strong>lege</strong></span> <span class='ocrx_word' id='word_1_76' title='bbox 460 1108 526 1151; x_wconf 92' lang='lat' dir='ltr'><strong>non</strong></span> <span class='ocrx_word' id='word_1_77' title='bbox 544 1086 609 1150; x_wconf 90' lang='lat' dir='ltr'><strong>isse</strong></span> <span class='ocrx_word' id='word_1_78' title='bbox 628 1089 816 1169; x_wconf 90' lang='lat' dir='ltr'><strong>usurpatam</strong></span> <span class='ocrx_word' id='word_1_79' title='bbox 832 1087 1008 1171; x_wconf 89' lang='lat' dir='ltr'><strong>mulierem,</strong></span> <span class='ocrx_word' id='word_1_80' title='bbox 1028 1111 1109 1174; x_wconf 89' lang='lat' dir='ltr'><strong>quae</strong></span> 
     </span>
     <span class='ocr_line' id='line_1_11' title="bbox 100 1173 1110 1259; baseline 0.004 -21"><span class='ocrx_word' id='word_1_81' title='bbox 100 1196 170 1238; x_wconf 90' lang='lat' dir='ltr'><strong>cum</strong></span> <span class='ocrx_word' id='word_1_82' title='bbox 194 1173 348 1239; x_wconf 82' lang='lat' dir='ltr'><strong>Kalendis</strong></span> <span class='ocrx_word' id='word_1_83' title='bbox 371 1173 529 1239; x_wconf 82' lang='lat' dir='ltr'><strong>Ianuariis</strong></span> <span class='ocrx_word' id='word_1_84' title='bbox 557 1174 642 1259; x_wconf 89' lang='lat' dir='ltr'><strong>apud</strong></span> <span class='ocrx_word' id='word_1_85' title='bbox 665 1174 770 1239; x_wconf 87' lang='lat' dir='ltr'><strong>virum</strong></span> <span class='ocrx_word' id='word_1_86' title='bbox 792 1176 990 1242; x_wconf 83' lang='lat' dir='ltr'><strong>matrimonii</strong></span> <span class='ocrx_word' id='word_1_87' title='bbox 1013 1199 1110 1243; x_wconf 89' lang='lat' dir='ltr'><strong>causa</strong></span> 
     </span>
     <span class='ocr_line' id='line_1_12' title="bbox 102 1261 1110 1347; baseline 0.005 -21"><span class='ocrx_word' id='word_1_88' title='bbox 102 1284 169 1328; x_wconf 87' lang='lat' dir='ltr'><strong>esse</strong></span> <span class='ocrx_word' id='word_1_89' title='bbox 189 1263 357 1347; x_wconf 84' lang='lat' dir='ltr'><strong>coepisset,</strong></span> <span class='ocrx_word' id='word_1_90' title='bbox 381 1267 455 1328; x_wconf 91' lang='lat' dir='ltr'><strong>ante</strong></span> <span class='ocrx_word' id='word_1_91' title='bbox 479 1263 564 1328; x_wconf 90' lang='lat' dir='ltr'><strong>diem</strong></span> <span class='ocrx_word' id='word_1_92' title='bbox 588 1267 738 1347; x_wconf 91' lang='lat' dir='ltr'><strong>quartum</strong></span> <span class='ocrx_word' id='word_1_93' title='bbox 758 1261 922 1330; x_wconf 84' lang='lat' dir='ltr'><strong>Kalendas</strong></span> <span class='ocrx_word' id='word_1_94' title='bbox 941 1263 1110 1331; x_wconf 89' lang='lat' dir='ltr'><strong>Ianuarias</strong></span> 
     </span>
     <span class='ocr_line' id='line_1_13' title="bbox 101 1352 1111 1438; baseline 0.003 -22"><span class='ocrx_word' id='word_1_95' title='bbox 101 1355 268 1436; x_wconf 89' lang='lat' dir='ltr'><strong>sequentes</strong></span> <span class='ocrx_word' id='word_1_96' title='bbox 302 1356 494 1436; x_wconf 90' lang='lat' dir='ltr'><strong>usurpatum</strong></span> <span class='ocrx_word' id='word_1_97' title='bbox 524 1353 617 1438; x_wconf 80' lang='lat' dir='ltr'><strong>isset3</strong></span> <span class='ocrx_word' id='word_1_98' title='bbox 649 1373 715 1416; x_wconf 90' lang='lat' dir='ltr'><strong>non</strong></span> <span class='ocrx_word' id='word_1_99' title='bbox 744 1352 829 1416; x_wconf 85' lang='lat' dir='ltr'><strong>enim</strong></span> <span class='ocrx_word' id='word_1_100' title='bbox 850 1374 953 1437; x_wconf 75' lang='lat' dir='ltr'><strong>poste</strong></span> <span class='ocrx_word' id='word_1_101' title='bbox 984 1355 1111 1438; x_wconf 89' lang='lat' dir='ltr'><strong>impleri</strong></span> 
     </span>
     <span class='ocr_line' id='line_1_14' title="bbox 102 1440 1111 1526; baseline 0.005 -23"><span class='ocrx_word' id='word_1_102' title='bbox 102 1440 300 1526; x_wconf 84' lang='lat' dir='ltr'><strong>trinoctium,</strong></span> <span class='ocrx_word' id='word_1_103' title='bbox 333 1441 418 1524; x_wconf 90' lang='lat' dir='ltr'><strong>quod</strong></span> <span class='ocrx_word' id='word_1_104' title='bbox 451 1441 564 1506; x_wconf 90' lang='lat' dir='ltr'><strong>abesse</strong></span> <span class='ocrx_word' id='word_1_105' title='bbox 598 1462 617 1504; x_wconf 93' lang='lat' dir='ltr'><strong>a</strong></span> <span class='ocrx_word' id='word_1_106' title='bbox 646 1441 716 1504; x_wconf 86' lang='lat' dir='ltr'><strong>viro</strong></span> <span class='ocrx_word' id='word_1_107' title='bbox 743 1441 920 1525; x_wconf 87' lang='lat' dir='ltr'><strong>usurpandi</strong></span> <span class='ocrx_word' id='word_1_108' title='bbox 948 1463 1045 1508; x_wconf 87' lang='lat' dir='ltr'><strong>causa</strong></span> <span class='ocrx_word' id='word_1_109' title='bbox 1072 1465 1111 1508; x_wconf 87' lang='lat' dir='ltr'><strong>ex</strong></span> 
     </span>
     <span class='ocr_line' id='line_1_15' title="bbox 101 1528 1110 1614; baseline 0.003 -21"><span class='ocrx_word' id='word_1_110' title='bbox 101 1529 265 1594; x_wconf 81' lang='lat' dir='ltr'><strong>duodecim</strong></span> <span class='ocrx_word' id='word_1_111' title='bbox 306 1531 427 1594; x_wconf 90' lang='lat' dir='ltr'><strong>tabulis</strong></span> <span class='ocrx_word' id='word_1_112' title='bbox 469 1528 615 1614; x_wconf 83' lang='lat' dir='ltr'><strong>deberet,</strong></span> <span class='ocrx_word' id='word_1_113' title='bbox 657 1529 808 1614; x_wconf 90' lang='lat' dir='ltr'><strong>quoniam</strong></span> <span class='ocrx_word' id='word_1_114' title='bbox 849 1530 965 1596; x_wconf 90' lang='lat' dir='ltr'><strong>tertiae</strong></span> <span class='ocrx_word' id='word_1_115' title='bbox 1005 1531 1110 1596; x_wconf 90' lang='lat' dir='ltr'><strong>noetis</strong></span> 
     </span>
     <span class='ocr_line' id='line_1_16' title="bbox 100 1618 1111 1705; baseline 0.002 -23"><span class='ocrx_word' id='word_1_116' title='bbox 100 1618 293 1702; x_wconf 80' lang='lat' dir='ltr'><strong>posteriores</strong></span> <span class='ocrx_word' id='word_1_117' title='bbox 313 1640 369 1683; x_wconf 86' lang='lat' dir='ltr'><strong>sex</strong></span> <span class='ocrx_word' id='word_1_118' title='bbox 387 1618 487 1684; x_wconf 90' lang='lat' dir='ltr'><strong>horae</strong></span> <span class='ocrx_word' id='word_1_119' title='bbox 507 1619 641 1682; x_wconf 90' lang='lat' dir='ltr'><strong>alterius</strong></span> <span class='ocrx_word' id='word_1_120' title='bbox 657 1618 734 1682; x_wconf 89' lang='lat' dir='ltr'><strong>anni</strong></span> <span class='ocrx_word' id='word_1_121' title='bbox 750 1621 866 1701; x_wconf 86' lang='lat' dir='ltr'><strong>essent,</strong></span> <span class='ocrx_word' id='word_1_122' title='bbox 884 1619 939 1702; x_wconf 91' lang='lat' dir='ltr'><strong>qui</strong></span> <span class='ocrx_word' id='word_1_123' title='bbox 953 1620 1111 1705; x_wconf 89' lang='lat' dir='ltr'><strong>inciperet</strong></span> 
     </span>
     <span class='ocr_line' id='line_1_17' title="bbox 102 1705 467 1794; baseline 0 -24"><span class='ocrx_word' id='word_1_124' title='bbox 102 1728 138 1771; x_wconf 84' lang='lat' dir='ltr'><strong>ex</strong></span> <span class='ocrx_word' id='word_1_125' title='bbox 160 1705 331 1770; x_wconf 83' lang='lat' dir='ltr'><strong>Kalendis·</strong></span> <span class='ocrx_word' id='word_1_126' title='bbox 464 1781 467 1794; x_wconf 36' lang='grc' dir='ltr'>Ι</span> 
     </span>
    </p>

    <p class='ocr_par' dir='ltr' id='par_1_3' title="bbox 100 1795 1157 2412">
     <span class='ocr_line' id='line_1_18' title="bbox 187 1795 1107 1878; baseline 0.002 -18"><span class='ocrx_word' id='word_1_127' title='bbox 187 1801 224 1860; x_wconf 82' lang='lat' dir='ltr'><strong>of,</strong></span> <span class='ocrx_word' id='word_1_128' title='bbox 240 1799 303 1860; x_wconf 88' lang='lat' dir='ltr'><strong>Gai.</strong></span> <span class='ocrx_word' id='word_1_129' title='bbox 317 1801 341 1878; x_wconf 90' lang='grc' dir='ltr'><strong>Ι,</strong></span> <span class='ocrx_word' id='word_1_130' title='bbox 358 1805 429 1860; x_wconf 85' lang='grc'><strong>111.</strong></span> <span class='ocrx_word' id='word_1_131' title='bbox 469 1795 545 1862; x_wconf 73' lang='lat' dir='ltr'><strong>‘Usu</strong></span> <span class='ocrx_word' id='word_1_132' title='bbox 562 1801 594 1860; x_wconf 92' lang='lat' dir='ltr'><strong>in</strong></span> <span class='ocrx_word' id='word_1_133' title='bbox 612 1819 702 1860; x_wconf 91' lang='lat' dir='ltr'><strong>manu</strong></span> <span class='ocrx_word' id='word_1_134' title='bbox 721 1799 917 1861; x_wconf 82' lang='lat' dir='ltr'><strong>conveniebat</strong></span> <span class='ocrx_word' id='word_1_135' title='bbox 935 1820 1012 1877; x_wconf 88' lang='lat' dir='ltr'><strong>quae</strong></span> <span class='ocrx_word' id='word_1_136' title='bbox 1031 1821 1107 1864; x_wconf 90' lang='lat' dir='ltr'><strong>anuo</strong></span> 
     </span>
     <span class='ocr_line' id='line_1_19' title="bbox 100 1888 1111 1966; baseline 0.002 -18"><span class='ocrx_word' id='word_1_137' title='bbox 100 1890 240 1949; x_wconf 89' lang='lat' dir='ltr'><strong>continuo</strong></span> <span class='ocrx_word' id='word_1_138' title='bbox 276 1891 373 1965; x_wconf 90' lang='lat' dir='ltr'><strong>nupta</strong></span> <span class='ocrx_word' id='word_1_139' title='bbox 404 1891 630 1966; x_wconf 83' lang='lat' dir='ltr'><strong>perseverabat3</strong></span> <span class='ocrx_word' id='word_1_140' title='bbox 668 1889 740 1966; x_wconf 88' lang='lat' dir='ltr'><strong>quia</strong></span> <span class='ocrx_word' id='word_1_141' title='bbox 771 1888 849 1948; x_wconf 89' lang='lat' dir='ltr'><strong>enim</strong></span> <span class='ocrx_word' id='word_1_142' title='bbox 881 1889 979 1950; x_wconf 84' lang='lat' dir='ltr'><strong>veluti</strong></span> <span class='ocrx_word' id='word_1_143' title='bbox 1011 1909 1111 1952; x_wconf 87' lang='lat' dir='ltr'><strong>annua</strong></span> 
     </span>
     <span class='ocr_line' id='line_1_20' title="bbox 100 1977 1157 2058; baseline 0.002 -20"><span class='ocrx_word' id='word_1_144' title='bbox 100 1978 286 2054; x_wconf 88' lang='lat' dir='ltr'><strong>possessione</strong></span> <span class='ocrx_word' id='word_1_145' title='bbox 327 1979 574 2058; x_wconf 82' lang='lat' dir='ltr'><strong>usucapiebatur,</strong></span> <span class='ocrx_word' id='word_1_146' title='bbox 614 1979 646 2038; x_wconf 89' lang='lat' dir='ltr'><strong>in</strong></span> <span class='ocrx_word' id='word_1_147' title='bbox 685 1977 832 2037; x_wconf 87' lang='lat' dir='ltr'><strong>familiam</strong></span> <span class='ocrx_word' id='word_1_148' title='bbox 867 1977 925 2038; x_wconf 84' lang='lat' dir='ltr'><strong>viri</strong></span> <span class='ocrx_word' id='word_1_149' title='bbox 960 1979 1110 2040; x_wconf 85' lang='lat' dir='ltr'><strong>transibat</strong></span> <span class='ocrx_word' id='word_1_150' title='bbox 1154 1993 1157 1998; x_wconf 83' lang='grc'><em>“</em></span> 
     </span>
     <span class='ocr_line' id='line_1_21' title="bbox 100 2063 1111 2144; baseline 0.005 -20"><span class='ocrx_word' id='word_1_151' title='bbox 100 2066 237 2143; x_wconf 88' lang='lat' dir='ltr'><strong>filiaeque</strong></span> <span class='ocrx_word' id='word_1_152' title='bbox 269 2067 369 2126; x_wconf 90' lang='lat' dir='ltr'><strong>locum</strong></span> <span class='ocrx_word' id='word_1_153' title='bbox 403 2067 564 2143; x_wconf 88' lang='lat' dir='ltr'><strong>optinebat.</strong></span> <span class='ocrx_word' id='word_1_154' title='bbox 616 2068 716 2144; x_wconf 90' lang='lat' dir='ltr'><strong>itaque</strong></span> <span class='ocrx_word' id='word_1_155' title='bbox 748 2063 816 2143; x_wconf 85' lang='lat' dir='ltr'><strong>lege</strong></span> <span class='ocrx_word' id='word_1_156' title='bbox 846 2065 906 2128; x_wconf 90' lang='lat' dir='ltr'><strong>XII</strong></span> <span class='ocrx_word' id='word_1_157' title='bbox 936 2068 1111 2128; x_wconf 89' lang='lat' dir='ltr'><strong>tabularum</strong></span> 
     </span>
     <span class='ocr_line' id='line_1_22' title="bbox 100 2154 1110 2232; baseline 0.003 -17"><span class='ocrx_word' id='word_1_158' title='bbox 100 2159 220 2216; x_wconf 90' lang='lat' dir='ltr'><strong>cautum</strong></span> <span class='ocrx_word' id='word_1_159' title='bbox 248 2159 308 2232; x_wconf 89' lang='lat' dir='ltr'><strong>est,</strong></span> <span class='ocrx_word' id='word_1_160' title='bbox 336 2159 371 2216; x_wconf 88' lang='lat' dir='ltr'><strong>ut</strong></span> <span class='ocrx_word' id='word_1_161' title='bbox 399 2157 423 2214; x_wconf 91' lang='lat' dir='ltr'><strong>si</strong></span> <span class='ocrx_word' id='word_1_162' title='bbox 448 2175 507 2232; x_wconf 88' lang='lat' dir='ltr'><strong>que</strong></span> <span class='ocrx_word' id='word_1_163' title='bbox 529 2157 624 2216; x_wconf 91' lang='lat' dir='ltr'><strong>nollet</strong></span> <span class='ocrx_word' id='word_1_164' title='bbox 646 2175 680 2215; x_wconf 90' lang='lat' dir='ltr'><strong>eo</strong></span> <span class='ocrx_word' id='word_1_165' title='bbox 703 2157 791 2215; x_wconf 92' lang='lat' dir='ltr'><strong>modo</strong></span> <span class='ocrx_word' id='word_1_166' title='bbox 810 2154 842 2214; x_wconf 92' lang='lat' dir='ltr'><strong>in</strong></span> <span class='ocrx_word' id='word_1_167' title='bbox 864 2175 986 2218; x_wconf 87' lang='lat' dir='ltr'><strong>manum</strong></span> <span class='ocrx_word' id='word_1_168' title='bbox 1008 2159 1110 2218; x_wconf 91' lang='lat' dir='ltr'><strong>mariti</strong></span> 
     </span>
     <span class='ocr_line' id='line_1_23' title="bbox 101 2244 1109 2324; baseline 0.003 -20"><span class='ocrx_word' id='word_1_169' title='bbox 101 2245 270 2322; x_wconf 76' lang='lat' dir='ltr'><strong>convenire,</strong></span> <span class='ocrx_word' id='word_1_170' title='bbox 299 2263 334 2303; x_wconf 87' lang='lat' dir='ltr'><strong>aa</strong></span> <span class='ocrx_word' id='word_1_171' title='bbox 362 2245 521 2321; x_wconf 85' lang='lat' dir='ltr'><strong>quotannis</strong></span> <span class='ocrx_word' id='word_1_172' title='bbox 543 2245 685 2305; x_wconf 89' lang='lat' dir='ltr'><strong>trinoctio</strong></span> <span class='ocrx_word' id='word_1_173' title='bbox 708 2244 828 2304; x_wconf 89' lang='lat' dir='ltr'><strong>abesset</strong></span> <span class='ocrx_word' id='word_1_174' title='bbox 850 2247 940 2324; x_wconf 86' lang='lat' dir='ltr'><strong>atque</strong></span> <span class='ocrx_word' id='word_1_175' title='bbox 964 2265 998 2308; x_wconf 93' lang='lat' dir='ltr'><strong>eo</strong></span> <span class='ocrx_word' id='word_1_176' title='bbox 1021 2247 1109 2307; x_wconf 90' lang='lat' dir='ltr'><strong>modo</strong></span> 
     </span>
     <span class='ocr_line' id='line_1_24' title="bbox 100 2327 753 2412; baseline 0 -20"><span class='ocrx_word' id='word_1_177' title='bbox 100 2327 230 2412; x_wconf 86' lang='lat' dir='ltr'><strong>&lt;usum&gt;</strong></span> <span class='ocrx_word' id='word_1_178' title='bbox 254 2333 396 2409; x_wconf 90' lang='lat' dir='ltr'><strong>cuiusque</strong></span> <span class='ocrx_word' id='word_1_179' title='bbox 420 2335 490 2393; x_wconf 88' lang='lat' dir='ltr'><strong>anni</strong></span> <span class='ocrx_word' id='word_1_180' title='bbox 511 2333 753 2410; x_wconf 88' lang='lat' dir='ltr'><strong>interrumperet.</strong></span> 
     </span>
    </p>

    <p class='ocr_par' dir='ltr' id='par_1_4' title="bbox 100 2415 1158 2856">
     <span class='ocr_line' id='line_1_25' title="bbox 188 2415 1109 2504; baseline -0.001 -20"><span class='ocrx_word' id='word_1_181' title='bbox 188 2419 217 2484; x_wconf 87' lang='grc'><strong>3.</strong></span> <span class='ocrx_word' id='word_1_182' title='bbox 242 2415 354 2482; x_wconf 79' lang='lat' dir='ltr'><strong>Cicero</strong></span> <span class='ocrx_word' id='word_1_183' title='bbox 370 2423 435 2500; x_wconf 87' lang='lat' dir='ltr'><strong>top.</strong></span> <span class='ocrx_word' id='word_1_184' title='bbox 450 2418 480 2482; x_wconf 89' lang='grc'><strong>6.</strong></span> <span class='ocrx_word' id='word_1_185' title='bbox 495 2418 547 2483; x_wconf 84' lang='grc'><strong>29.</strong></span> <span class='ocrx_word' id='word_1_186' title='bbox 568 2452 607 2466; x_wconf 92' lang='grc'>-</span> <span class='ocrx_word' id='word_1_187' title='bbox 628 2416 774 2482; x_wconf 87' lang='lat' dir='ltr'><strong>Gentiles</strong></span> <span class='ocrx_word' id='word_1_188' title='bbox 793 2420 869 2482; x_wconf 91' lang='lat' dir='ltr'><strong>sunt</strong></span> <span class='ocrx_word' id='word_1_189' title='bbox 886 2418 971 2484; x_wconf 89' lang='lat' dir='ltr'><strong>inter</strong></span> <span class='ocrx_word' id='word_1_190' title='bbox 990 2439 1034 2504; x_wconf 85' lang='lat' dir='ltr'><strong>se,</strong></span> <span class='ocrx_word' id='word_1_191' title='bbox 1054 2419 1109 2504; x_wconf 91' lang='lat' dir='ltr'><strong>qui</strong></span> 
     </span>
     <span class='ocr_line' id='line_1_26' title="bbox 100 2505 1110 2592; baseline 0.001 -22"><span class='ocrx_word' id='word_1_192' title='bbox 100 2506 212 2570; x_wconf 91' lang='lat' dir='ltr'><strong>eodem</strong></span> <span class='ocrx_word' id='word_1_193' title='bbox 235 2505 364 2570; x_wconf 89' lang='lat' dir='ltr'><strong>nomine</strong></span> <span class='ocrx_word' id='word_1_194' title='bbox 388 2511 464 2570; x_wconf 86' lang='lat' dir='ltr'><strong>sunt</strong></span> <span class='ocrx_word' id='word_1_195' title='bbox 487 2557 543 2573; x_wconf 89' lang='lat'><strong>...</strong></span> <span class='ocrx_word' id='word_1_196' title='bbox 566 2507 622 2592; x_wconf 91' lang='lat' dir='ltr'><strong>qui</strong></span> <span class='ocrx_word' id='word_1_197' title='bbox 646 2507 686 2570; x_wconf 91' lang='lat' dir='ltr'><strong>ab</strong></span> <span class='ocrx_word' id='word_1_198' title='bbox 710 2505 860 2588; x_wconf 84' lang='lat' dir='ltr'><strong>ingenuis</strong></span> <span class='ocrx_word' id='word_1_199' title='bbox 884 2505 1012 2571; x_wconf 91' lang='lat' dir='ltr'><strong>oriundi</strong></span> <span class='ocrx_word' id='word_1_200' title='bbox 1035 2511 1110 2572; x_wconf 90' lang='lat' dir='ltr'><strong>sunt</strong></span> 
     </span>
     <span class='ocr_line' id='line_1_27' title="bbox 102 2593 1158 2680; baseline 0.001 -22"><span class='ocrx_word' id='word_1_201' title='bbox 102 2643 153 2662; x_wconf 91' lang='lat'><strong>...</strong></span> <span class='ocrx_word' id='word_1_202' title='bbox 172 2617 308 2680; x_wconf 88' lang='lat' dir='ltr'><strong>quorum</strong></span> <span class='ocrx_word' id='word_1_203' title='bbox 332 2593 491 2659; x_wconf 89' lang='lat' dir='ltr'><strong>maiorum</strong></span> <span class='ocrx_word' id='word_1_204' title='bbox 515 2617 608 2660; x_wconf 89' lang='lat' dir='ltr'><strong>nemo</strong></span> <span class='ocrx_word' id='word_1_205' title='bbox 628 2593 816 2660; x_wconf 81' lang='lat' dir='ltr'><strong>servitutem</strong></span> <span class='ocrx_word' id='word_1_206' title='bbox 836 2595 1036 2660; x_wconf 83' lang='lat' dir='ltr'><strong>servivit</strong></span> <span class='ocrx_word' id='word_1_207' title='bbox 1055 2595 1110 2679; x_wconf 90' lang='lat' dir='ltr'><strong>qui</strong></span> <span class='ocrx_word' id='word_1_208' title='bbox 1155 2595 1158 2602; x_wconf 76' lang='grc'><em>’</em></span> 
     </span>
     <span class='ocr_line' id='line_1_28' title="bbox 100 2681 1110 2768; baseline 0.002 -21"><span class='ocrx_word' id='word_1_209' title='bbox 100 2683 207 2768; x_wconf 88' lang='lat' dir='ltr'><strong>capite</strong></span> <span class='ocrx_word' id='word_1_210' title='bbox 231 2705 296 2747; x_wconf 91' lang='lat' dir='ltr'><strong>non</strong></span> <span class='ocrx_word' id='word_1_211' title='bbox 321 2687 397 2747; x_wconf 91' lang='lat' dir='ltr'><strong>sunt</strong></span> <span class='ocrx_word' id='word_1_212' title='bbox 415 2683 570 2748; x_wconf 90' lang='lat' dir='ltr'><strong>deminuti</strong></span> <span class='ocrx_word' id='word_1_213' title='bbox 590 2732 639 2749; x_wconf 92' lang='lat'><strong>...</strong></span> <span class='ocrx_word' id='word_1_214' title='bbox 659 2681 741 2746; x_wconf 91' lang='lat' dir='ltr'><strong>nihil</strong></span> <span class='ocrx_word' id='word_1_215' title='bbox 759 2686 845 2746; x_wconf 86' lang='lat' dir='ltr'><strong>enim</strong></span> <span class='ocrx_word' id='word_1_216' title='bbox 863 2681 955 2748; x_wconf 83' lang='lat' dir='ltr'><strong>video</strong></span> <span class='ocrx_word' id='word_1_217' title='bbox 975 2681 1110 2749; x_wconf 83' lang='lat' dir='ltr'><strong>Scaevo-</strong></span> 
     </span>
     <span class='ocr_line' id='line_1_29' title="bbox 100 2769 1003 2856; baseline 0.006 -22"><span class='ocrx_word' id='word_1_218' title='bbox 100 2772 165 2838; x_wconf 88' lang='lat' dir='ltr'><strong>lam</strong></span> <span class='ocrx_word' id='word_1_219' title='bbox 189 2771 377 2856; x_wconf 87' lang='lat' dir='ltr'><strong>pontifioem</strong></span> <span class='ocrx_word' id='word_1_220' title='bbox 402 2771 442 2835; x_wconf 89' lang='lat' dir='ltr'><strong>ad</strong></span> <span class='ocrx_word' id='word_1_221' title='bbox 465 2771 549 2836; x_wconf 90' lang='lat' dir='ltr'><strong>hano</strong></span> <span class='ocrx_word' id='word_1_222' title='bbox 573 2771 794 2837; x_wconf 89' lang='lat' dir='ltr'><strong>definitionem</strong></span> <span class='ocrx_word' id='word_1_223' title='bbox 817 2769 1003 2838; x_wconf 66' lang='lat' dir='ltr'><strong>addidisset</strong></span> 
     </span>
    </p>
   </div>
   <div class='ocr_carea' id='block_1_3' title="bbox 420 2971 792 3148">
    <p class='ocr_par' dir='ltr' id='par_1_5' title="bbox 420 2971 792 3148">
     <span class='ocr_line' id='line_1_30' title="bbox 476 2971 733 3034; baseline -0.004 -3"><span class='ocrx_word' id='word_1_224' title='bbox 476 2973 583 3032; x_wconf 85' lang='lat' dir='ltr'><strong>Liber</strong></span> <span class='ocrx_word' id='word_1_225' title='bbox 610 2972 661 3034; x_wconf 84' lang='lat' dir='ltr'><strong>lv.</strong></span> <span class='ocrx_word' id='word_1_226' title='bbox 684 2971 733 3030; x_wconf 84' lang='lat' dir='ltr'><strong>V?</strong></span> 
     </span>
     <span class='ocr_line' id='line_1_31' title="bbox 420 3089 792 3148; baseline 0.003 -2"><span class='ocrx_word' id='word_1_227' title='bbox 420 3089 565 3148; x_wconf 76' lang='lat' dir='ltr'><strong>Familiae</strong></span> <span class='ocrx_word' id='word_1_228' title='bbox 590 3089 792 3148; x_wconf 73' lang='lat' dir='ltr'><strong>erciscundae?</strong></span> 
     </span>
    </p>
   </div>
   <div class='ocr_carea' id='block_1_4' title="bbox 101 3203 1110 3368">
    <p class='ocr_par' dir='ltr' id='par_1_6' title="bbox 101 3203 1110 3368">
     <span class='ocr_line' id='line_1_32' title="bbox 188 3203 1109 3278; baseline 0 -16"><span class='ocrx_word' id='word_1_229' title='bbox 188 3203 253 3262; x_wconf 93' lang='lat' dir='ltr'><strong>Hoc</strong></span> <span class='ocrx_word' id='word_1_230' title='bbox 285 3203 362 3263; x_wconf 91' lang='lat' dir='ltr'><strong>libro</strong></span> <span class='ocrx_word' id='word_1_231' title='bbox 390 3204 522 3262; x_wconf 88' lang='lat' dir='ltr'><strong>Mucium</strong></span> <span class='ocrx_word' id='word_1_232' title='bbox 554 3207 585 3264; x_wconf 91' lang='lat' dir='ltr'><strong>et</strong></span> <span class='ocrx_word' id='word_1_233' title='bbox 618 3203 652 3263; x_wconf 89' lang='lat' dir='ltr'><strong>dc</strong></span> <span class='ocrx_word' id='word_1_234' title='bbox 684 3203 845 3278; x_wconf 84' lang='lat' dir='ltr'><strong>partitione</strong></span> <span class='ocrx_word' id='word_1_235' title='bbox 878 3203 980 3278; x_wconf 81' lang='lat' dir='ltr'><strong>legata</strong></span> <span class='ocrx_word' id='word_1_236' title='bbox 1012 3207 1042 3263; x_wconf 91' lang='lat' dir='ltr'><strong>et</strong></span> <span class='ocrx_word' id='word_1_237' title='bbox 1073 3203 1109 3262; x_wconf 89' lang='lat' dir='ltr'><strong>de</strong></span> 
     </span>
     <span class='ocr_line' id='line_1_33' title="bbox 101 3291 1110 3368; baseline 0.002 -18"><span class='ocrx_word' id='word_1_238' title='bbox 101 3293 206 3352; x_wconf 87' lang='lat' dir='ltr'><strong>mortis</strong></span> <span class='ocrx_word' id='word_1_239' title='bbox 239 3311 331 3351; x_wconf 86' lang='lat' dir='ltr'><strong>causa</strong></span> <span class='ocrx_word' id='word_1_240' title='bbox 363 3292 573 3352; x_wconf 88' lang='lat' dir='ltr'><strong>donationibus</strong></span> <span class='ocrx_word' id='word_1_241' title='bbox 603 3296 634 3350; x_wconf 91' lang='lat' dir='ltr'><strong>et</strong></span> <span class='ocrx_word' id='word_1_242' title='bbox 661 3292 696 3350; x_wconf 92' lang='lat' dir='ltr'><strong>de</strong></span> <span class='ocrx_word' id='word_1_243' title='bbox 726 3293 817 3352; x_wconf 87' lang='lat' dir='ltr'><strong>saeris</strong></span> <span class='ocrx_word' id='word_1_244' title='bbox 845 3291 998 3368; x_wconf 87' lang='lat' dir='ltr'><strong>scripsisse</strong></span> <span class='ocrx_word' id='word_1_245' title='bbox 1026 3294 1110 3367; x_wconf 87' lang='lat' dir='ltr'><strong>puto.</strong></span> 
     </span>
    </p>
   </div>
   <div class='ocr_carea' id='block_1_5' title="bbox 101 3443 1108 3654">
    <p class='ocr_par' dir='ltr' id='par_1_7' title="bbox 101 3443 1108 3654">
     <span class='ocr_line' id='line_1_34' title="bbox 174 3443 1108 3512; baseline -0.001 -15"><span class='ocrx_word' id='word_1_246' title='bbox 174 3453 186 3496; x_wconf 88' lang='lat'>1</span> <span class='ocrx_word' id='word_1_247' title='bbox 217 3443 306 3498; x_wconf 84' lang='lat' dir='ltr'><strong>Verba</strong></span> <span class='ocrx_word' id='word_1_248' title='bbox 327 3445 398 3499; x_wconf 80' lang='lat' dir='ltr'><strong>iuter</strong></span> <span class='ocrx_word' id='word_1_249' title='bbox 417 3444 584 3511; x_wconf 70' lang='lat' dir='ltr'><strong>definitionis</strong></span> <span class='ocrx_word' id='word_1_250' title='bbox 598 3443 754 3512; x_wconf 77' lang='lat' dir='ltr'><strong>particulas</strong></span> <span class='ocrx_word' id='word_1_251' title='bbox 772 3461 790 3498; x_wconf 85' lang='lat' dir='ltr'><strong>a</strong></span> <span class='ocrx_word' id='word_1_252' title='bbox 810 3443 935 3498; x_wconf 77' lang='lat' dir='ltr'><strong>Cicerone</strong></span> <span class='ocrx_word' id='word_1_253' title='bbox 953 3443 1108 3497; x_wconf 78' lang='lat' dir='ltr'><strong>interiectas</strong></span> 
     </span>
     <span class='ocr_line' id='line_1_35' title="bbox 101 3512 1107 3583; baseline -0.003 -14"><span class='ocrx_word' id='word_1_254' title='bbox 101 3515 182 3581; x_wconf 84' lang='lat' dir='ltr'><strong>(‘non</strong></span> <span class='ocrx_word' id='word_1_255' title='bbox 200 3517 243 3569; x_wconf 84' lang='lat' dir='ltr'><strong>est</strong></span> <span class='ocrx_word' id='word_1_256' title='bbox 262 3515 358 3581; x_wconf 78' lang='lat' dir='ltr'><strong>satis’3</strong></span> <span class='ocrx_word' id='word_1_257' title='bbox 380 3515 426 3568; x_wconf 84' lang='lat' dir='ltr'><strong>‘ne</strong></span> <span class='ocrx_word' id='word_1_258' title='bbox 444 3514 474 3569; x_wconf 90' lang='lat' dir='ltr'><strong>id</strong></span> <span class='ocrx_word' id='word_1_259' title='bbox 493 3513 605 3583; x_wconf 87' lang='lat' dir='ltr'><strong>quidem</strong></span> <span class='ocrx_word' id='word_1_260' title='bbox 625 3513 693 3568; x_wconf 88' lang='lat' dir='ltr'><strong>satis</strong></span> <span class='ocrx_word' id='word_1_261' title='bbox 709 3515 777 3582; x_wconf 88' lang='lat' dir='ltr'><strong>est’;</strong></span> <span class='ocrx_word' id='word_1_262' title='bbox 799 3513 895 3568; x_wconf 79' lang='lat' dir='ltr'><strong>‘abest</strong></span> <span class='ocrx_word' id='word_1_263' title='bbox 909 3512 993 3566; x_wconf 86' lang='lat' dir='ltr'><strong>etiam</strong></span> <span class='ocrx_word' id='word_1_264' title='bbox 1008 3513 1107 3578; x_wconf 88' lang='lat' dir='ltr'><strong>nunc’;</strong></span> 
     </span>
     <span class='ocr_line' id='line_1_36' title="bbox 103 3585 685 3654; baseline -0.002 -15"><span class='ocrx_word' id='word_1_265' title='bbox 103 3585 169 3640; x_wconf 78' lang='lat' dir='ltr'><strong>‘hoo</strong></span> <span class='ocrx_word' id='word_1_266' title='bbox 187 3585 305 3641; x_wconf 84' lang='lat' dir='ltr'><strong>fortasse</strong></span> <span class='ocrx_word' id='word_1_267' title='bbox 325 3585 393 3639; x_wconf 88' lang='lat' dir='ltr'><strong>satis</strong></span> <span class='ocrx_word' id='word_1_268' title='bbox 411 3586 477 3654; x_wconf 88' lang='lat' dir='ltr'><strong>est&#39;)</strong></span> <span class='ocrx_word' id='word_1_269' title='bbox 496 3601 582 3653; x_wconf 83' lang='lat' dir='ltr'><strong>supro</strong></span> <span class='ocrx_word' id='word_1_270' title='bbox 600 3587 685 3639; x_wconf 80' lang='lat' dir='ltr'><strong>omisi.</strong></span> 
     </span>
    </p>
   </div>
   <div class='ocr_carea' id='block_1_6' title="bbox 153 3678 897 3732">
    <p class='ocr_par' dir='ltr' id='par_1_8' title="bbox 153 3678 897 3732">
     <span class='ocr_line' id='line_1_37' title="bbox 153 3678 897 3732; baseline 0.001 -9"><span class='ocrx_word' id='word_1_271' title='bbox 153 3685 250 3732; x_wconf 84' lang='lat' dir='ltr'><strong>Iurispr.</strong></span> <span class='ocrx_word' id='word_1_272' title='bbox 266 3685 383 3724; x_wconf 84' lang='lat' dir='ltr'><strong>nntohadr.</strong></span> <span class='ocrx_word' id='word_1_273' title='bbox 398 3685 447 3724; x_wconf 89' lang='lat' dir='ltr'><strong>rell.</strong></span> <span class='ocrx_word' id='word_1_274' title='bbox 462 3684 495 3724; x_wconf 89' lang='lat' dir='ltr'><strong>ed.</strong></span> <span class='ocrx_word' id='word_1_275' title='bbox 510 3683 610 3723; x_wconf 86' lang='lat' dir='ltr'><strong>Bremer.</strong></span> <span class='ocrx_word' id='word_1_276' title='bbox 882 3678 897 3724; x_wconf 91' lang='grc'><strong>6</strong></span> 
     </span>
    </p>
   </div>
   <div class='ocr_carea' id='block_1_7' title="bbox 0 0 1305 3908">
    <p class='ocr_par' dir='ltr' id='par_1_9' title="bbox 0 0 1305 3908">
     <span class='ocr_line' id='line_1_38' title="bbox 0 0 1305 3908; baseline 0 0"><span class='ocrx_word' id='word_1_277' title='bbox 0 0 1305 3908; x_wconf 95' lang='lat' dir='ltr'><strong> </strong></span> 
     </span>
    </p>
   </div>
  </div>
 </body>
</html>
