2614 3914
180 179 245 243 346
273 178 346 234 VIII.
361 177 495 234 ocTAvl
509 176 607 234 SAEO.
616 176 710 232 IURIS
724 177 897 233 consum.
908 176 1033 232 SERIES
1047 176 1185 231 TERTIA

180 345 379 424 tripertitum:
412 346 570 406 collectum
601 345 712 405 etenim
744 348 791 405 est
820 364 856 404 ex
884 345 1073 405 naturalibus
1101 364 1189 422 prae·

181 436 275 513 ceptis
299 437 353 494 aut
376 435 511 513 gentium
534 437 589 494 aut
611 428 770 494 civilibue'.
803 434 865 494 alia
886 435 1001 494 ratione
1025 432 1128 495 Cicero
1151 435 1189 493 de

180 525 270 603 legib.
294 526 323 601 3,
345 526 362 583 6
387 519 594 602 ‘magistratus
616 523 724 601 partiti
745 517 831 582 iuris'
855 523 935 582 dicit.

268 613 409 674 Karlowa
431 613 458 685 Ι,
478 614 541 672 486
569 614 644 672 haec
671 611 726 670 ait:
757 605 830 670 ‘Der
858 611 940 671 Titel
966 613 1013 671 ius
1040 612 1191 689 partitum

180 702 291 779 deutet,
314 702 370 762 wie
393 702 448 760 mit
471 701 567 760 Recbt
589 703 697 780 gesagt
718 700 772 776 ist,
796 701 850 760 auf
871 701 919 759 ein
943 701 1189 777 systematisches

180 790 281 864 Werk,
305 791 370 850 eine
394 790 620 868 systematiscbe
639 789 843 867 Bearbeitung
866 789 917 848 des
940 789 987 848 ius
1011 789 1099 850 civile
1121 791 1190 849 hin:

181 898 213 938 er
230 880 363 940 erinnert
382 897 420 938 an
439 879 486 938 die
505 879 561 938 seit
580 877 612 948 Q.
628 877 744 938 Mucius
763 878 932 954 vertolgten
951 877 1190 956 Bestrebungon,

181 969 234 1028 dae
266 969 314 1028 ius
346 967 432 1028 civile
464 987 502 1026 zu
532 967 613 1026 einer
645 985 693 1026 ars
730 960 994 1044 auszugestalten'c
1049 967 1190 1044 equidem

179 1057 280 1132 potius
319 1059 481 1134 utrumque
520 1055 580 1132 ius,
624 1055 792 1134 legitimum
831 1058 862 1114 et
901 1055 1099 1134 praetorium,
1141 1055 1189 1116 his

180 1145 266 1204 libris
290 1143 413 1204 Ofilium
435 1145 598 1220 explicasse
621 1143 802 1220 putaverim:
825 1144 959 1204 namins
978 1145 1188 1222 quopopulus

179 1235 331 1293 Romanus
359 1234 421 1292 illis
448 1233 633 1309 temporibus
661 1233 815 1310 utebatur,
848 1233 892 1292 ita
919 1234 1066 1309 partitum
1093 1233 1188 1294 fuisse

180 1326 286 1382 notum
315 1325 368 1382 est.
415 1323 450 1382 cf.
475 1321 538 1383 Gai.
558 1323 592 1395 4,
612 1323 668 1382 34:
698 1314 735 1381 ‘is
764 1321 814 1398 qui
850 1340 886 1380 ex
915 1321 1011 1382 edicto
1041 1321 1189 1382 bonorum

179 1411 398 1488 possessionem
419 1411 518 1488 petiit,
540 1410 610 1470 ficto
634 1429 665 1470 se
683 1411 791 1470 herede
809 1411 880 1486 agit.
917 1428 985 1469 cum
1004 1410 1083 1469 enim
1101 1429 1188 1486 prae·

180 1499 258 1559 torio
280 1499 354 1576 iure,
377 1518 437 1560 non
459 1500 595 1578 legitimo
619 1499 758 1559 succedat
779 1499 810 1558 in
832 1499 932 1558 locum
955 1499 1104 1577 defuncti,
1128 1519 1189 1560 non

179 1589 273 1648 habet
292 1589 419 1649 directas
438 1589 570 1648 actiones
593 1583 664 1648 ...'.
693 1590 721 1665 3,
733 1590 787 1648 32:
811 1581 897 1665 ‘quos
913 1632 919 1647 .
935 1631 941 1646 .
960 1592 1081 1663 praetor
1099 1591 1188 1649 vocat

181 1677 219 1736 ad
245 1677 456 1751 hereditatem,
483 1677 516 1736 bi
542 1676 665 1736 heredes
693 1676 758 1753 ipso
786 1675 905 1752 quidem
928 1676 993 1735 iure
1016 1696 1077 1736 non
1099 1677 1188 1755 fiunt3

179 1784 250 1824 nam
276 1770 399 1842 praetor
426 1766 549 1826 heredes
577 1767 675 1826 facere
697 1784 758 1824 non
779 1768 880 1841 potest
978 1765 1030 1824 sed
1052 1784 1121 1824 oum
1144 1767 1188 1826 eie

180 1857 303 1932 praetor
325 1849 400 1934 <dat
423 1856 568 1914 bonorum
591 1849 842 1932 possessionem),
865 1854 930 1914 loco
953 1853 1098 1912 heredum
1121 1872 1189 1914 oon-

181 1938 371 2005 stituuntur'.
410 1947 438 2019 3,
454 1945 508 2003 82:
533 1938 615 2003 ‘sunt
633 1987 662 2001 ..
682 1942 773 2001 etiam
792 1942 917 2002 alterius
936 1942 1052 2020 generis
1072 1960 1188 2004 sncces-

180 2033 286 2093 sioncs.
332 2051 408 2111 quae
435 2050 530 2108 neque
555 2033 621 2108 lege
644 2030 704 2089 XII
725 2031 899 2090 tabularum
921 2050 1017 2109 neque
1039 2033 1188 2106 praetoria

180 2121 277 2180 edicto
375 2121 564 2179 introductae
587 2114 678 2178 sunt'.
726 2121 758 2192 3,
780 2121 834 2179 71:
858 2113 932 2180 ‘sive
956 2120 991 2179 de
1014 2120 1080 2180 iure
1104 2121 1188 2181 civili

181 2227 370 2286 quaeramus,
395 2209 457 2270 sive
481 2208 516 2266 de
540 2207 637 2267 edicto
660 2207 808 2284 praetoria
831 2202 894 2269 ...’

268 2296 376 2372 Itaque
398 2297 445 2356 his
468 2296 553 2355 libris
577 2296 703 2356 similem
722 2315 785 2355 rem
805 2290 929 2356 Ofilium
946 2299 1091 2357 tractasse
1110 2301 1188 2375 puto

181 2387 271 2462 atque
295 2385 447 2445 actionum
469 2385 555 2444 libris
578 2385 737 2445 tractavitz
760 2404 796 2444 ca
819 2385 898 2444 enim
921 2388 1021 2445 aetate
1041 2388 1189 2462 praetorii

181 2473 272 2534 edicti
286 2474 405 2535 decreta
418 2475 540 2534 maximi
553 2475 698 2534 momenti
708 2473 802 2534 fuisse
816 2474 962 2533 traditum
977 2477 1031 2535 est.
1051 2474 1189 2554 Krueger

179 2583 206 2638 p.
227 2565 269 2624 30
280 2581 342 2642 sqq.
386 2565 489 2642 legum
515 2567 728 2640 perpetuarum
754 2564 853 2623 iussus
881 2581 949 2622 cum
971 2563 1047 2641 legis
1070 2582 1189 2625 annuae

180 2652 307 2712 decretis
339 2654 518 2732 coniungere
549 2653 611 2712 iam
642 2672 745 2712 eorum
772 2651 823 2727 qui
850 2651 886 2711 de
914 2652 979 2710 iure
1007 2652 1189 2730 scribebant,

180 2741 311 2801 officium
344 2746 416 2802 erat.
466 2742 539 2801 iuris
570 2741 677 2818 partiti
707 2741 800 2800 libros
829 2759 899 2818 crgo
926 2739 1002 2798 iuris
1028 2742 1189 2819 utriusque

177 2828 270 2889 libros
293 2830 384 2889 fuisse
408 2833 490 2907 puto.

268 2916 326 2986 Qui
366 2918 511 2978 librorum
547 2935 688 2976 numerus
724 2917 829 2995 fucrit,
863 2916 1025 2977 noscimus:
1062 2918 1189 2995 quintus

178 3008 298 3064 tantum
326 3005 403 3066 liber
428 3006 583 3080 laudatur,
610 3007 695 3083 isque
718 3024 811 3082 aeque
834 3006 937 3083 legata
959 3007 1071 3064 tractat
1094 3009 1187 3084 atque

179 3094 330 3153 actionum
361 3095 439 3154 liber
470 3093 602 3154 decimus
634 3094 765 3170 quintus.
816 3095 867 3153 sed
897 3094 988 3153 etiam
1015 3094 1051 3153 de
1079 3094 1187 3156 iisdem

180 3183 269 3242 rebus
292 3183 401 3260 legetis
423 3183 454 3242 in
475 3185 603 3261 utroque
625 3182 703 3242 libro
722 3200 818 3241 sermo
838 3185 892 3260 est,
915 3183 1030 3242 scilicet
1047 3182 1084 3243 de
1101 3184 1187 3262 ligno

141 3329 143 3334 .
180 3276 211 3331 et
239 3273 274 3331 de
303 3272 493 3349 carbonibus,
521 3274 553 3331 at
581 3271 733 3331 actionum
758 3271 835 3330 libro
864 3265 963 3347 ‘ligna
987 3273 1019 3330 et
1041 3272 1187 3332 carbones

179 3364 345 3438 ceteraque,
363 3382 417 3438 per
435 3380 510 3439 quae
529 3379 624 3437 penus
641 3359 842 3436 conficeretur,
862 3379 900 3420 an
918 3359 1044 3436 penori
1062 3360 1187 3438 legato

180 3450 389 3510 contineantur
413 3444 588 3528 quaeritur'‚
611 3449 686 3509 iuris
708 3449 815 3526 partiti
835 3467 906 3510 vero
925 3449 1002 3508 libro
1023 3446 1129 3510 Ofilius
1149 3450 1188 3510 de

180 3555 214 3596 eo
237 3538 369 3616 disserit,
393 3535 454 3600 ‘cui
477 3540 577 3617 ligna
599 3539 723 3617 legata
746 3532 836 3598 sunt'.
