2588 3908
348 161 372 210 8.
399 153 552 210 SERVIUS
573 154 761 215 SULPICIUS
779 154 898 210 RUFUS
1067 157 1130 220 231

108 314 259 399 reliquit'.
294 322 344 399 qui
358 321 505 383 librorum
518 323 627 382 titulus
642 323 744 401 fuerit,
759 342 819 382 non
833 324 907 383 satis
921 327 1053 384 constat:
1074 344 1131 404 ego

109 411 288 472 Karlowam
307 403 604 492 (Rechtsgesohichte
623 412 646 488 I,
661 403 742 494 484)
767 415 888 472 6666166
911 432 986 473 6616.
1028 413 1133 490 Ulpia-

110 521 181 578 nus,
205 499 258 578 qui
281 499 377 560 Servii
400 500 493 560 libros
516 501 621 560 laudat
644 493 694 581 (D.
712 503 762 578 14,
778 504 807 578 3,
823 503 852 578 5,
869 493 912 582 1),
938 502 1061 564 eosdem
1082 497 1133 562 ‘ad

110 581 257 649 Brutum'
277 589 404 664 scriptos
422 590 558 649 nominat
572 583 721 669 (Servius
741 590 818 649 libro
837 591 933 665 primo
949 590 987 648 ad
1000 591 1134 650 Brutum

111 673 195 760 ait'),
221 680 300 738 sicut
319 677 411 738 Gaius
431 671 481 761 (D.
497 681 549 756 50,
565 681 614 756 16,
635 673 758 756 234,1)
777 679 848 737 libri
865 679 984 738 nomino
1002 699 1062 740 non
1080 681 1133 740 ad-

112 768 178 827 dito
198 762 335 828 ‘Ofilium
358 768 397 826 61
415 762 563 827 Atticum'
587 769 661 827 citat
681 761 816 847 (Ofilius
840 768 878 826 ad
895 767 1032 827 Atticum
1052 766 1132 850 611)

206 857 328 917 Servius
356 857 472 932 primus
500 857 634 917 omnium
661 857 700 916 61
726 857 856 916 edictum
879 857 1028 932 praetoris
1052 876 1132 916 com·

112 947 298 1008 mortarium
313 946 442 1021 scripsit.
466 965 524 1022 quo
539 949 674 1022 tempore
686 964 756 1005 eum
765 946 965 1022 conposuerit,
981 944 1133 1006 Ciceronis

113 1036 151 1096 de
180 1035 297 1112 legibus
324 1035 396 1094 libri
424 1025 521 1116 (I,5,
543 1027 599 1114 17)
628 1055 706 1095 anno
737 1029 861 1114 702s52
891 1035 964 1094 61111
992 1035 1134 1095 ridentur

110 1125 259 1199 indicare,
287 1143 355 1184 cum
378 1125 475 1182 aiunt:
504 1118 630 1184 ..fnon
653 1144 724 1202 ergo
748 1145 766 1184 6
788 1125 935 1200 praetorIs
959 1124 1071 1197 611616,
1095 1129 1133 1184 61

110 1215 251 1292 plerique
278 1233 371 1291 nunc,
398 1258 459 1274 ...
483 1213 682 1272 hauriendum
709 1213 784 1272 iuris
808 1213 997 1288 disciplinam
1020 1209 1132 1288 putas'.

206 1303 308 1362 Secuti
330 1305 402 1361 sunt
425 1300 563 1362 Serrium
586 1303 684 1362 Aulus
708 1300 813 1361 Ofilius
838 1293 885 1383 (P.
906 1293 1045 1384 2-18),
1069 1306 1132 1361 An-

111 1392 217 1452 tistius
248 1392 363 1468 Labeo,
396 1392 448 1466 qui
480 1392 519 1450 61
551 1391 681 1453 edietum
713 1393 744 1449 et
775 1391 923 1464 praetoris
954 1391 1064 1452 urbani
1101 1395 1133 1451 61

112 1481 267 1560 peregrini
295 1473 342 1559 (P.
361 1473 522 1560 4-191),
552 1480 701 1538 Masurius
730 1477 873 1556 Sabinae,
906 1479 958 1556 qui
985 1483 1066 1539 66116
1093 1481 1133 1539 61

112 1570 247 1630 edictum
273 1569 421 1645 praetoris
444 1569 555 1628 urbani
577 1567 670 1627 libros
693 1567 813 1642 scripsit
836 1560 883 1648 (P.
904 1559 952 1648 1),
980 1568 1129 1647 Plautius,

111 1663 150 1720 ut
173 1659 294 1720 ridetur
335 1659 365 1716 P.
387 1649 502 1738 1-9),
529 1657 636 1716 Sextus
659 1656 768 1715 Pedius
792 1647 997 1737 (P.1-50),
1021 1657 1131 1718 Sextus

111 1747 297 1824 Pomponius
338 1747 369 1806 P.
392 1737 546 1824 1-173),
573 1745 605 1815 Q.
625 1744 789 1804 Venuleius
814 1743 993 1804 Saturninus
1018 1739 1064 1826 (P.
1086 1739 1131 1828 7),

111 1837 218 1912 Gaius,
243 1835 295 1913 qui
319 1836 357 1894 ad
380 1836 512 1894 edictum
536 1838 567 1894 61
588 1835 739 1912 praetoris
762 1833 870 1892 urbani
894 1837 925 1892 61
947 1835 1132 1909 provinciale

111 1927 208 1986 libros
219 1925 386 2001 composuit
396 1917 442 2003 (P.
453 1926 575 2000 8-523
588 1916 766 2003 58-388),
777 1923 889 1982 Paulus
898 1915 942 2003 (P.
952 1919 1131 2005 83-849),

111 2015 263 2091 Ulpianus
288 2006 333 2092 (P.
356 2004 577 2093 iro-1797).

204 2101 280 2162 Uum
307 2102 456 2178 Ulpianus
484 2101 615 2160 edictum
641 2121 702 2162 non
728 2101 827 2161 minus
855 2119 945 2176 quam
972 2099 1131 2160 LXXXIII

111 2193 213 2270 libris,
241 2191 321 2251 Seu·
334 2191 446 2250 Pedius
474 2190 606 2249 edictum
634 2191 782 2266 praetoris
811 2192 842 2250 61
869 2189 1013 2248 aedilium
1041 2210 1132 2250 curu-

111 2283 189 2341 lium
212 2300 272 2340 non
295 2281 394 2338 minus
418 2299 509 2355 quam
531 2280 639 2356 viginti
662 2279 802 2358 quinque,
825 2279 977 2338 Masurius
1002 2278 1130 2340 Sabinus

112 2371 246 2430 edictum
269 2369 418 2446 praetoris
441 2367 550 2426 urbani
572 2389 632 2428 non
654 2369 754 2427 minus
779 2387 868 2444 quam
893 2369 1025 2444 quinque
1044 2369 1130 2428 libris

111 2462 333 2519 commentatus
353 2458 401 2536 sit,
421 2457 542 2516 Servius
560 2457 640 2516 idem
659 2457 790 2516 adlatum
807 2475 867 2516 non
886 2457 1024 2532 pluribus
1040 2477 1129 2534 quam

112 2549 231 2608 duobus
265 2547 351 2607 libris
383 2545 553 2622 explicavit.
609 2544 733 2604 Servius
764 2564 835 2604 vero
867 2547 986 2603 tantum
1020 2547 1128 2605 urbani

111 2637 262 2714 praetoris
295 2637 427 2696 edictum
459 2637 677 2695 commentatus
706 2651 769 2693 esse
797 2633 864 2692 ideo
891 2632 1044 2708 putandus
1073 2639 1129 2711 661,

111 2727 195 2802 quod
208 2745 269 2785 non
282 2725 321 2784 61
335 2719 467 2798 ε611616’,
482 2724 597 2783 scilicet
611 2723 738 2783 duorum
752 2724 927 2797 praetorum
942 2713 1023 2802 (Gai.
1041 2726 1068 2798 1,
1085 2715 1128 2804 6),

112 2816 167 2876 661
196 2815 234 2874 61
260 2807 415 2873 ‘edictum'
443 2813 597 2889 scripsisse
620 2812 759 2871 traditur.
806 2813 893 2870 notas
917 2827 986 2870 eum
1009 2815 1130 2870 tantum

111 2904 152 2964 ad
176 2903 309 2962 edictum
330 2903 380 2962 hic
402 2903 466 2961 illle
489 2902 645 2978 adiecisse,
671 2921 732 2960 non
755 2899 1002 2960 commentarium
1024 2921 1130 2978 perpe-

111 2997 204 3054 tuum
224 2991 377 3068 scripsisse
395 2991 657 3068 Κ611666Ι,487
677 2993 776 3066 putat.
817 2991 899 3049 66116
917 3008 1129 3066 responsorum

110 3085 232 3161 partem
254 3081 287 3140 in
308 3081 420 3141 librum
444 3099 512 3139 eum
534 3080 682 3156 recepisse
706 3079 852 3139 existimo.

204 3171 241 3230 In
264 3169 354 3228 Pauli
382 3173 414 3228 61
440 3169 564 3244 Ulpiani
591 3169 813 3228 commentariis
841 3167 980 3228 Servium
1008 3167 1128 3244 saepius

111 3259 232 3321 laudari
249 3259 387 3320 vidimus.
427 3259 459 3316 in
477 3261 644 3318 ceterorum
663 3256 884 3317 commentariis
903 3255 1000 3316 Servii
1017 3273 1127 3314 nomen

111 3369 172 3410 non
195 3349 322 3424 reperiri
344 3347 411 3407 ideo
434 3347 544 3406 mirum
566 3366 627 3406 non
650 3350 704 3421 661,
730 3345 811 3423 quod
833 3347 865 3404 et
886 3362 983 3420 pauca
1005 3346 1127 3402 tantum

110 3441 284 3516 fragmenta
303 3439 422 3498 serrata
441 3439 512 3496 sunt
531 3439 561 3495 61
576 3435 776 3496 Tribonianus
795 3451 904 3492 nomen
922 3432 987 3491 eius
1004 3431 1126 3491 ridetur

109 3529 268 3589 delevisse.
