2600 3908
347 204 371 252 8.
399 197 551 252 SERVIUS
572 197 756 252 SULPICIUS
777 197 893 251 RUFUS
1065 200 1127 263 145

206 359 224 424 ἵ
241 408 270 425 ..
302 366 475 425 incredibile
509 371 554 426 est
587 411 634 440 ..,
667 384 741 442 quas
773 365 847 423 mihi
879 366 992 442 gratias
1025 387 1126 428 omnes

112 456 209 530 agant
229 501 235 513 .
252 500 257 512 .
274 501 279 512 .
299 455 335 513 de
359 455 392 513 L.
410 455 553 514 Mescinio
576 455 783 531 gratissimum
802 499 808 512 .
824 501 830 513 .
847 499 854 512 .
873 454 954 531 quod
976 456 1127 531 reliquum

112 546 175 622 est,
209 543 300 602 velim
329 561 440 620 augeas
469 549 524 602 tua
549 544 580 602 in
607 562 675 602 enm
699 542 842 601 beneficia
865 543 1001 603 omnibus
1027 545 1125 619 rebus,

114 651 189 708 quae
209 636 240 691 te
261 635 349 690 erunt
369 632 485 708 dignae.
524 635 595 691 sunt
613 632 681 708 duc,
701 651 775 706 quae
794 632 825 689 te
843 632 1021 691 nominatim
1040 652 1126 711 rogo:

111 722 253 798 primum,
272 724 309 780 ut
327 722 352 779 si
371 721 443 798 qnid
463 721 535 780 satis
554 721 686 779 dandum
705 720 771 792 erit,
790 720 939 795 »amplius
958 723 1124 782 eonomine

111 830 170 869 non
189 809 270 885 petis
290 827 384 882 cures,
403 813 439 868 nt
458 810 530 868 satis
546 811 633 869 detur
651 809 709 868 fide
728 827 803 867 mea.
841 809 955 885 deinde,
974 828 1041 869 cum
1062 813 1124 870 fere

111 899 258 958 consistat
280 899 431 958 heredites
454 899 486 956 in
509 899 545 956 iis
568 900 667 974 rebnS,
691 917 764 974 quas
784 898 895 956 avertit
919 895 1023 976 Oppia,
1047 919 1124 976 qnae

111 1008 183 1046 uxor
212 987 320 1045 Mindii
347 988 419 1064 suit,
452 987 576 1046 adiuves
603 987 744 1062 ineasque
778 987 938 1062 rationem,
969 1007 1057 1064 quem
1085 989 1123 1046 ad

110 1077 232 1136 modum
256 1095 291 1134 ea
314 1076 422 1135 mulier
444 1076 570 1135 Romam
593 1077 773 1151 perducatur
796 1121 825 1133 ..

198 1165 263 1224 Nee
287 1164 536 1224 Lacedaemonios
559 1164 698 1224 dubitare
721 1164 862 1239 arbitror,
892 1165 964 1240 quin
986 1165 1045 1241 ipsi
1068 1184 1122 1224 sua

107 1255 316 1329 maiorumque
350 1272 472 1312 suornm
504 1254 685 1314 anctoritate
718 1253 791 1312 satis
807 1254 1024 1312 commendati
1061 1255 1121 1313 sint

107 1343 177 1402 fidei
207 1348 239 1402 et
266 1343 399 1402 institiae
426 1347 511 1418 tuae,
540 1346 570 1401 et
597 1361 666 1420 ego,
694 1341 747 1418 qui
773 1345 804 1399 te
828 1343 939 1418 optime
963 1343 1122 1420 novissem,

106 1452 167 1492 non
191 1431 339 1510 dubitavi,
363 1432 435 1508 quin
457 1431 514 1490 tibi
535 1431 693 1490 notissima
717 1433 748 1488 et
765 1430 834 1488 iura
852 1436 882 1489 et
901 1432 1009 1490 merita
1026 1450 1120 1507 popu-

106 1521 208 1580 lorum
231 1525 338 1579 essent.
379 1521 482 1596 itaque
505 1538 573 1578 cnm
597 1539 615 1578 a
637 1538 684 1577 me
707 1521 825 1594 peteret
848 1519 1005 1594 Philippus
1028 1520 1120 1578 Lace-

106 1610 299 1686 daemonius,
328 1613 364 1668 ut
391 1609 447 1668 tibi
471 1608 625 1670 civitatem
652 1608 903 1683 commendarem,
938 1608 995 1666 etsi
1018 1610 1120 1667 memi-

104 1718 212 1761 neram
248 1717 296 1756 me
333 1698 361 1756 ei
400 1698 517 1757 civitati
549 1697 648 1756 omnia
686 1695 810 1770 debere,
847 1699 948 1754 tamen
980 1697 1121 1772 respondi

104 1787 363 1848 commendatione
381 1786 631 1846 Lacedaemonios
650 1785 731 1860 apud
749 1789 780 1843 te
804 1803 863 1843 non
882 1803 978 1860 egere.
1016 1785 1120 1862 itaque

105 1879 146 1936 sic
170 1876 263 1936 velim
287 1875 446 1951 existimes,
471 1894 517 1934 me
542 1893 644 1934 omnes
663 1873 795 1934 Achaiae
815 1873 954 1932 civitates
978 1874 1120 1932 arbitrari

103 1983 159 2042 pro
188 1966 297 2024 horum
323 1968 490 2040 temporum
522 1963 747 2038 perturbatione
771 1962 888 2037 felices,
921 1963 1000 2037 quod
1023 1962 1061 2021 iis
1084 1966 1120 2021 tu

104 2054 222 2130 praesis
245 2048 310 2114 ...⁹
335 2047 420 2133 (ibid.
443 2054 492 2125 13,
514 2045 578 2133 28).

196 2142 319 2201 Servius
356 2142 393 2200 ad
427 2140 599 2200 Ciceronem
635 2143 707 2199 haec
747 2139 852 2199 scribit
884 2131 972 2220 (ibid.
1002 2143 1035 2216 4,
1071 2132 1119 2221 5):

107 2226 125 2290 ³.
141 2276 171 2290 ..
204 2251 240 2290 ex
268 2231 342 2289 Asia
364 2231 495 2302 rediens,
527 2249 594 2288 cum
624 2229 661 2288 ab
690 2228 807 2306 Aegina
834 2229 987 2306 Megaram
1014 2247 1120 2290 versus

107 2322 292 2398 navigarem,
311 2319 394 2394 coepi
413 2319 550 2396 regiones
569 2318 763 2378 circumcirca
781 2319 958 2392 prospicere.
990 2323 1058 2393 post
1072 2338 1118 2378 me

104 2413 171 2468 erat
195 2408 326 2486 Aegina,
357 2411 429 2466 ante
455 2407 586 2483 Megara,
615 2409 721 2465 dextra
749 2406 884 2478 Piraeus,
919 2406 1041 2466 sinistra
1064 2407 1118 2466 (lo-

103 2499 235 2557 rinthus.
259 2516 335 2574 qnae
350 2497 460 2572 oppida
474 2497 602 2574 quodam
613 2501 747 2570 tempore
761 2495 973 2553 florentissima
986 2495 1119 2571 fuerunt,

103 2605 185 2646 nunc
209 2589 362 2662 prostrata
385 2589 415 2644 et
438 2585 539 2644 diruta
563 2587 631 2642 ante
655 2583 756 2642 oculos
779 2583 879 2640 iacent
896 2575 959 2641 ...'

197 2851 278 2921 Quae
307 2851 428 2910 Servius
457 2851 489 2909 in
516 2851 580 2909 iure
609 2847 732 2909 colendo
764 2865 796 2906 re
824 2865 895 2907 vera
923 2845 1118 2924 praestiterit,

103 2946 188 3002 certo
212 2941 365 2999 aestimari
388 2939 505 3018 nequit,
533 2958 601 2998 cum
625 2937 771 2996 librorum
793 2935 974 3012 paucissima
997 2940 1117 2996 tanturn

103 3032 276 3106 fragmenta
300 3032 418 3089 servata
442 3029 511 3088 sint.
552 3047 628 3105 quae
647 3027 800 3103 habemns,
824 3026 1030 3086 demonstrant
1049 3046 1116 3084 enm

105 3122 135 3178 in
158 3121 216 3177 hac
239 3118 359 3194 quidem
388 3135 419 3175 re
443 3117 476 3186 Q.
501 3117 632 3176 Mucium
661 3119 797 3174 secutum
820 3135 881 3174 non
904 3114 990 3174 modo
1016 3115 1116 3174 defini-

104 3209 249 3285 tionibus,
274 3206 325 3265 sed
349 3207 438 3265 etiarn
463 3206 622 3283 generibus
647 3203 863 3264 constituendis
887 3203 934 3262 ins
957 3205 989 3262 in
1008 3203 1116 3262 melius

106 3296 289 3374 produxisse.
344 3295 375 3353 in
404 3295 493 3353 rebus
523 3314 591 3354 vero
619 3295 693 3372 ipsis
722 3311 739 3351 a
768 3291 800 3360 Q.
825 3292 922 3352 Mucio
956 3310 1024 3350 enm
1057 3310 1117 3351 non

106 3405 173 3447 raro
199 3384 374 3444 dissensisse
402 3383 474 3442 dixi:
507 3384 635 3458 exempli
663 3381 761 3460 gratis
788 3381 902 3440 tutelae
925 3399 1036 3457 genera
1058 3399 1116 3438 non

106 3477 247 3554 quinque,
270 3479 306 3532 nt
324 3473 449 3549 Mucius,
473 3472 524 3530 sed
547 3476 665 3542 tantum
684 3471 744 3528 tria
762 3470 870 3527 statuit
888 3463 967 3545 (Gai.
984 3471 1011 3540 l,
1029 3461 1117 3546 188),

102 3571 221 3636 eontra,
245 3582 311 3621 cnm
331 3561 447 3622 Mucius
469 3579 563 3618 nuum
586 3563 705 3620 tantum
727 3558 801 3616 furti
824 3576 918 3634 genus
941 3575 1005 3616 esse
1028 3559 1118 3631 puta·

159 3671 256 3719 Iurispr.
272 3670 389 3710 antehadr.
404 3669 453 3708 rell.
467 3669 495 3709 ed
515 3669 614 3708 Bremer.
873 3659 904 3706 10
