2598 3910
177 188 244 252 310
275 187 347 243 VIII.
363 185 717 242 ocravlsnno.ron1s
733 187 904 243 CONSULT.
916 185 1040 242 SERIES
1055 185 1197 242 TERTIA
1286 227 1287 274 ,

177 353 303 434 partem
335 353 455 434 araret,
491 372 531 414 ne
565 350 645 415 sulci
677 350 711 415 in
748 351 816 415 eius
848 371 962 436 agrum
995 354 1202 435 spectarent.
1286 365 1287 426 t

177 438 345 522 respondit
376 461 442 504 non
472 461 568 524 posse
597 461 669 504 eum
695 438 829 523 facere,
847 461 910 524 quo
937 440 1044 504 minus
1072 459 1200 524 agrum
1285 451 1287 530 I

177 529 300 593 vicinus
325 528 594 613 quemadmodum
617 525 715 592 vellet
739 531 854 593 araret.

267 615 328 681 Sed
357 618 384 682 si
413 638 492 702 quos
522 617 627 682 sulcos
655 621 857 681 transversos
886 616 1036 701 aquarios
1060 617 1198 701 faceret,
1287 659 1288 666 κ

176 704 234 790 per
271 728 351 791 quos
388 707 422 770 in
455 706 522 770 eius
556 726 670 790 agrum
703 727 786 791 aqua
818 705 984 789 deflueret,
1020 705 1119 771 hosce
1153 709 1194 770 ut

177 797 330 881 operiret,
357 816 416 878 per
443 794 601 860 arbitrum
630 816 731 878 aquae
759 794 888 878 pluviae
912 793 1069 858 arcendae
1092 816 1195 878 posse
1287 813 1288 836 I

176 904 300 968 cogere.
1287 907 1288 914 ¹

267 970 328 1037 Sed
359 975 392 1035 et
414 971 442 1034 si
463 970 570 1035 fossas
594 970 737 1054 fecisset,
765 972 944 1055 exquibus
969 971 1194 1056 aquapluvia

176 1065 287 1144 posset
309 1081 434 1144 nocere,
458 1060 626 1143 arbitrum,
650 1060 678 1124 si
697 1066 852 1144 appareat
871 1059 1025 1140 futurum,
1048 1066 1085 1124 ut
1104 1083 1192 1145 aqua
1286 1059 1289 1146 ¹,

176 1149 286 1232 pluvia
308 1152 449 1231 noceret,
473 1170 586 1233 cogere
612 1155 761 1232 oportere
782 1149 887 1214 fossas
907 1171 980 1212 eum
999 1150 1125 1232 expiere
1146 1154 1190 1234 et,
1287 1159 1289 1238 j

176 1238 241 1302 nisi
265 1240 399 1320 faceret,
426 1237 649 1320 condemnare,
676 1239 808 1302 tametsi
836 1241 1010 1322 antequam
1037 1239 1074 1302 de
1096 1259 1132 1303 ea
1156 1260 1192 1304 re

177 1327 346 1410 iudicaret,
369 1349 452 1412 aqua
474 1347 532 1412 per
555 1327 660 1391 fossas
683 1348 858 1410 numquam
880 1325 1036 1392 fluxisset.

265 1447 301 1508 cf.
327 1446 424 1508 Servii
446 1465 589 1523 responsa
608 1431 663 1507 81.

266 1566 316 1631 56.
351 1566 390 1631 D.
414 1567 471 1650 39,
493 1568 527 1646 3,
546 1568 580 1646 2,
599 1566 628 1631 5.
673 1565 792 1630 Paulus
825 1565 909 1629 libro
937 1566 1191 1650 quadragesImo
1288 1567 1290 1626 ἶ

176 1677 263 1720 nono
283 1656 322 1720 ad
342 1655 480 1721 edictum
494 1652 546 1743 (P.
560 1656 634 1738 632,
648 1651 693 1742 5).
726 1653 806 1717 Item
821 1652 927 1718 Varus
947 1655 1007 1718 ait:
1027 1676 1192 1740 aggerem,

177 1745 232 1829 qui
255 1746 288 1808 in
310 1745 410 1809 fundo
434 1745 533 1810 vicini
556 1749 638 1826 erat,
666 1744 715 1808 vis
740 1765 841 1827 aquae
864 1743 992 1826 deiecit,
1020 1765 1079 1826 per
1102 1747 1191 1829 quod

177 1834 326 1898 effectum
350 1839 408 1918 est,
430 1840 468 1898 ut
491 1855 576 1918 aqua
599 1833 711 1915 pluvia
730 1832 810 1895 mihi
828 1836 968 1896 noceret.
1005 1831 1113 1898 Varus
1133 1833 1191 1918 ait,

177 1923 203 1986 si
228 1924 385 1987 naturalis
412 1942 513 2006 agger
535 1921 608 2003 fuit,
631 1943 696 1985 non
719 1941 815 2005 posse
839 1943 890 1984 me
911 1921 1053 1985 vicinum
1073 1943 1191 2007 eogere

178 2033 280 2095 aquae
309 2012 436 2094 pluviae
465 2010 622 2074 arcendae
650 2009 788 2092 actione,
817 2013 863 2076 ut⁴
880 2031 953 2074 eum
975 2014 1114 2092 reponat
1137 2013 1190 2076 vel

177 2100 290 2183 reponi
318 2101 418 2180 sinat,
449 2098 597 2182 idemque
625 2102 721 2182 putat
749 2102 782 2162 et
810 2099 838 2162 si
865 2120 963 2162 manu
990 2098 1096 2163 faetus
1125 2100 1190 2165 fuit

176 2209 280 2270 neque
300 2185 455 2251 memoria
470 2187 537 2250 eius
557 2190 677 2271 exstat3
696 2185 782 2271 quod
801 2187 829 2251 si
848 2190 961 2270 exstet,
976 2191 1072 2272 putat
1086 2210 1190 2273 aquae

177 2276 305 2360 pluviae
329 2275 485 2340 arcendae
508 2276 635 2340 actione
659 2297 731 2340 eum
754 2276 867 2340 teneri.

553 2476 600 2536 De
621 2479 812 2536 separatius.

266 2596 318 2662 57.
346 2595 385 2659 Ι).
400 2596 473 2682 8,4‚
496 2595 546 2661 15.
582 2594 702 2660 Paulus
727 2595 811 2659 libro
840 2594 945 2678 primo
973 2593 1192 2678 epitomarum

178 2685 288 2750 Alfeni
315 2684 526 2770 Digestorum
558 2682 607 2771 (P.
631 2680 698 2770 31).
744 2683 806 2761 Qui
838 2705 896 2766 per
927 2689 1050 2748 eertum
1081 2685 1192 2751 Iocum

177 2776 240 2838 iter
264 2778 320 2838 aut
343 2779 450 2838 actum
473 2774 570 2838 alicui
590 2773 644 2855 <in
665 2771 755 2858 iure>
774 2773 932 2854 cessisset,
952 2793 1024 2836 eum
1043 2773 1192 2856 pluribus

178 2883 237 2944 per
261 2861 397 2926 eundem
416 2863 523 2926 locum
543 2861 593 2925 vel
612 2863 674 2925 iter
693 2863 744 2925 vel
762 2866 872 2926 actum
890 2858 948 2943 <in
966 2860 1057 2944 iure>
1077 2862 1192 2929 cedere

178 2965 274 3033 posse
302 2971 413 3013 verum
441 2954 504 3027 est,
533 2949 801 3032 quemadmodum
831 2949 859 3014 si
888 2949 960 3033 quis
983 2949 1089 3014 vicino
1113 2974 1191 3017 suas

179 3037 274 3102 aedes
303 3059 412 3102 servas
440 3037 582 3112 fecisset,
614 3038 717 3101 nihilo
749 3043 854 3102 minus
883 3038 955 3102 aliis
984 3043 1063 3122 quot
1092 3041 1193 3107 vellet

179 3127 290 3190 multis
314 3147 369 3190 eas
393 3125 487 3190 aedes
511 3147 620 3190 servas
642 3125 748 3190 facere
771 3129 888 3210 potest.

268 3247 304 3306 cf.
329 3245 425 3307 Servii
447 3264 590 3323 responsa
615 3247 665 3306 87.

268 3366 321 3432 58.
349 3365 388 3429 D.
404 3368 433 3450 8,
446 3366 477 3450 5,
493 3365 543 3449 17,
560 3368 587 3431 1.
626 3365 761 3430 Alfenus
780 3366 863 3430 libro
883 3364 1022 3430 secundo
1040 3365 1193 3452 Digesto

151 3535 154 3541 Ι
179 3476 251 3518 rum
276 3451 324 3542 (P.
340 3455 433 3539 4,1).
479 3453 561 3520 (tum
588 3456 621 3520 in
649 3455 745 3520 domo
769 3453 844 3519 Gaii
867 3450 920 3517 Sei
943 3454 1033 3519 loeus
1057 3456 1193 3539 quidam

182 3543 313 3607 aedibus
347 3543 435 3608 Anni
466 3544 514 3608 ita
546 3544 693 3628 serviret,
729 3547 767 3608 ut
804 3543 838 3606 in
870 3561 908 3606 eo
942 3543 1013 3607 loeo
1045 3545 1192 3627 positum
