2598 3910
311 237 313 242 .
411 189 435 238 1.
458 151 669 239 patrunus
688 185 808 240 vlnus
1049 186 1115 249 285

104 347 190 411 iuria
208 347 333 430 fecisse,
352 347 480 430 culpam
501 347 584 412 enim
599 369 697 430 penes
713 370 794 430 eum,
816 349 871 431 qui
886 349 974 432 prior
987 349 1116 433 fiagello

19 511 22 518 Ι
104 437 273 520 percussit,
297 435 452 522 residere;
477 437 531 500 sed
556 437 583 500 si
607 436 648 501 ab
672 459 709 500 eo
730 459 794 501 non
814 437 903 519 prior
922 439 1116 520 vapulasset,

105 525 161 589 sed
194 547 268 588 cum
301 527 330 588 ei
359 525 523 588 lucernam
555 525 677 607 eripere
714 526 826 612 vellet,
861 525 986 590 rixatus
1024 530 1117 609 esset,

105 613 284 678 tabernarii
308 613 402 696 eulpa
425 614 546 678 factum
569 614 680 679 videri.

196 704 225 766 7.
258 701 296 766 D.
317 701 393 766 ibid.
413 700 433 780 ξ
452 704 482 766 2.
526 701 573 766 ln
588 703 672 784 clivo
697 701 880 786 Capitolino
905 703 968 767 duo
992 705 1117 786 plostra

107 796 226 855 onusta
249 791 356 854 mulae
380 791 548 865 ducebant.
588 793 705 876 prioris
729 793 846 876 plostri
865 793 1022 858 muliones
1043 815 1116 856 con·

106 901 236 944 versum
251 880 411 964 plostrum
422 881 661 966 sublevabantss
675 903 736 964 quo
749 881 844 945 facile
854 881 961 944 mulae
969 881 1117 961 fecerent

11 1011 12 1016 κ
107 967 211 1051 iter].¹
263 968 410 1052 superius
443 969 602 1052 plostrum
633 970 748 1034 cessim
775 969 823 1033 ire
851 969 957 1052 coepit
985 975 1017 1032 et
1044 991 1117 1033 cum

108 1059 277 1140 muliones,
292 1057 346 1140 qui
361 1059 446 1122 inter
461 1059 523 1122 duo
534 1059 657 1141 plostra
671 1059 810 1141 fuerunt,
824 1059 956 1123 emedio
967 1059 1119 1139 exissent,

107 1147 270 1228 posterius
297 1147 457 1230 plostrum
486 1169 505 1210 a
528 1146 635 1230 priore
658 1169 845 1230 percussum
868 1153 954 1212 retro
978 1147 1119 1212 redierat

107 1238 140 1297 et
167 1255 303 1318 puerum
331 1235 498 1300 cuiusdam
527 1236 713 1300 obtriverat.
759 1237 906 1301 dominus
931 1236 1022 1319 pueri
1046 1257 1119 1301 oon·

108 1324 247 1405 sulebat,
266 1345 337 1388 cum
357 1345 421 1407 quo
440 1345 474 1388 se
490 1345 585 1409 agere
601 1329 772 1407 oporteret.
804 1325 958 1409 respondi
972 1326 1006 1388 in
1021 1346 1119 1390 causa

106 1413 157 1476 ius
168 1433 239 1476 esse
255 1413 413 1498 positum3
426 1434 502 1476 nam
512 1413 540 1476 si
554 1413 712 1478 muliones
728 1414 783 1498 qui
796 1415 943 1498 superius
957 1414 1117 1497 plostrum

107 1502 348 1584 sustinuissent,
367 1523 425 1565 sua
444 1506 559 1586 sponte
575 1524 608 1566 se
623 1502 851 1566 subduxissent
865 1509 897 1566 et
911 1503 982 1566 ideo
997 1502 1118 1567 factum

108 1594 206 1669 esset,
235 1595 271 1654 ut
300 1591 406 1655 mulae
433 1592 593 1674 plostrum
616 1591 755 1655 retinere
777 1613 844 1654 non
866 1596 1001 1676 possent
1024 1600 1118 1676 atque

108 1701 205 1744 onere
226 1679 296 1763 ipso
315 1679 564 1764 retraherentur,
579 1702 651 1744 cum
671 1679 800 1744 domino
820 1682 978 1744 mularum
995 1680 1119 1744 nullam

107 1790 180 1832 esse
201 1767 369 1850 actionem,
389 1789 461 1832 cum
475 1767 671 1852 hominibus,
686 1769 741 1852 qui
755 1790 944 1833 conversum
959 1769 1119 1851 plostrum

109 1858 351 1940 sustinuissent,
375 1858 447 1942 lege
470 1857 603 1941 Aquilia
627 1857 681 1941 agi
704 1879 811 1942 posse,
835 1879 912 1921 nam
935 1857 1037 1920 nihilo
1063 1858 1119 1921 mi-

108 1967 171 2009 nus
195 1968 267 2008 eum
291 1945 444 2028 damnum
468 1946 557 2030 dare,
587 1946 641 2030 qui
670 1947 755 2031 quod
779 1947 952 2010 sustineret
976 1946 1120 2011 mitteret

110 2057 168 2098 sua
196 2035 377 2117 voluntate,
404 2038 442 2098 ut
469 2035 502 2098 id
531 2037 670 2119 aliquem
698 2035 845 2118 ferirent,
872 2035 973 2099 veluti
997 2035 1119 2119 siquis

111 2123 247 2187 asellum
276 2145 347 2188 cum
375 2124 532 2208 agitasset
560 2147 623 2188 non
647 2124 848 2205 retinuisset,
872 2125 1024 2207 aequasi
1048 2125 1120 2208 quis

111 2234 148 2276 ex
177 2234 274 2275 manu
302 2212 403 2276 telum
432 2218 488 2276 aut
516 2213 605 2278 aliud
633 2213 709 2297 quid
737 2214 939 2292 immisisset,
967 2213 1120 2278 damnum

111 2300 231 2365 iniuria
263 2299 364 2365 daret.
419 2301 474 2364 sed
511 2303 538 2366 si
575 2302 696 2384 mulae,
733 2304 788 2387 qui
821 2302 942 2386 aliquid
975 2303 1120 2368 reformi-

112 2389 253 2468 dassent‚
277 2387 527 2471 (recessissent)
546 2395 579 2454 et
598 2392 756 2455 muliones
774 2391 891 2456 timore
910 2392 1057 2474 permoti,
1079 2415 1122 2458 ne

112 2479 385 2562 opprimerentur,
412 2479 571 2560 plostrum
595 2479 814 2562 reliquissent,
838 2501 910 2544 eum
935 2479 1121 2548 hominibus

113 2568 273 2631 actionem
304 2567 429 2631 nullam
462 2589 545 2649 esse,
576 2589 649 2631 cum
682 2569 812 2632 domino
847 2568 1007 2631 mularum
1041 2591 1122 2638 esse.

113 2655 199 2738 qnod
224 2655 377 2739 sineque
401 2657 508 2720 mulae
531 2677 633 2739 neque
656 2656 803 2720 homines
827 2657 861 2719 in
885 2677 981 2720 causa
1005 2664 1125 2744 essent,

114 2745 168 2808 sed
197 2745 305 2808 mulae
332 2745 471 2809 retinere
500 2767 581 2810 onus
608 2745 796 2829 nequissent
824 2747 881 2808 aut
908 2767 979 2808 cum
1003 2747 1125 2812 conite-

113 2836 226 2897 rentur
248 2833 361 2916 lapsae
385 2833 601 2898 concidissent
619 2839 652 2897 et
670 2833 741 2898 ideo
761 2835 920 2918 plostrum
940 2835 1056 2898 cessim
1076 2837 1125 2904 ire

114 2923 252 2986 redisset
270 2926 366 3006 atque
385 2923 421 2986 hi
439 2945 503 3006 quo
523 2945 711 2988 conversum
730 2923 847 2987 fuisset
864 2945 944 2988 onus
964 2923 1126 2994 sustinere

113 3011 314 3095 nequissent,
341 3033 442 3094 neque
471 3034 544 3077 cum
572 3013 702 3077 domino
732 3010 891 3077 mularum
919 3033 1021 3096 neque
1049 3037 1126 3084 cum
1208 3023 1210 3028 ’

113 3098 299 3164 hominibus
328 3121 398 3164 esse
426 3100 594 3166 actionem.
640 3101 721 3165 illud
745 3101 874 3185 quidam
898 3105 1020 3165 certum
1044 3124 1128 3190 esse,

116 3189 358 3272 quoquomodo
378 3210 429 3252 res
449 3211 482 3252 se
502 3189 645 3272 haberet,
664 3213 736 3254 cum
751 3191 887 3255 domino
904 3191 1127 3274 posteriorum

114 3278 276 3342 mularum
300 3279 354 3362 agi
377 3299 441 3342 non
460 3300 565 3362 posse,
589 3279 739 3362 quoniam
758 3301 823 3343 nou
844 3301 901 3342 sua
921 3282 1044 3361 sponte,
1069 3285 1129 3349 sed

115 3387 283 3448 percussae
307 3372 393 3430 retro
417 3367 583 3431 redissent.

187 3566 200 3612 1
226 3557 273 3614 Fr.
293 3560 426 3614 ducerent
443 3529 524 3614 inter.
587 3593 588 3597 =

235 3766 243 3800 l
