2588 3908
166 173 229 237 158
267 175 314 227 VI.
339 173 473 229 OCTAVI
494 175 591 230 SAEG.
610 176 706 230 IURIS
727 175 900 232 CONSULT.
916 177 1042 231 SERIES
1061 178 1176 232 PRIMA

252 343 395 402 Alfenum
426 343 541 402 Varum
573 343 671 405 Servii
702 364 847 420 responsa
878 345 1017 404 retulisse
1049 347 1177 406 tradunt

163 430 264 490 Labeo
279 423 328 512 (D.
339 433 476 510 28,1‚25
493 427 609 494 fVarus
624 479 649 495 ..
665 433 803 494 Seruium
821 434 1010 510 respondisse
1029 431 1177 512 scripsit'3

162 519 196 580 D.
221 523 278 597 32,
303 523 357 596 29,
383 523 401 580 2
436 517 574 581 ‘Alfenus
597 521 697 582 Varus
726 521 830 582 Servio
863 522 1011 598 placuisse
1041 518 1176 602 scribit’3

162 609 197 668 D.
210 611 260 686 33,
271 613 300 687 4,
313 613 384 685 6pr.
405 603 544 669 ‘Alfenus
559 611 658 670 Varus
679 611 816 670 Servium
829 610 1018 687 respondisse
1033 605 1175 693 scribit'),

161 697 322 758 Marcellus
337 696 385 777 (D.
397 701 450 773 46,
461 701 489 772 3,
501 701 542 758 67
568 693 660 776 ‘apud
677 700 821 759 Alfenum
842 699 962 761 Seruius
982 697 1175 781 respondit'),

158 786 273 846 Paulus
295 779 347 869 (D.
363 789 391 863 3,
406 790 436 860 5,
452 789 493 847 20
503 808 547 864 pr.
572 783 707 848 ‘Servius
730 790 892 864 respondit,
916 792 951 847 ut
974 792 1020 848 est
1043 790 1175 850 relatum

161 875 241 951 apud
262 867 442 956 Alfenum').

249 965 404 1023 Aufidium
421 965 588 1024 Namusam
610 965 707 1026 Servii
723 983 866 1041 responsa
888 967 1028 1026 retulisse
1047 968 1174 1027 tradunt

160 1052 237 1112 idem
257 1054 357 1113 Labeo
376 1045 426 1133 (D.
444 1055 494 1132 35,
512 1060 538 1131 1,
553 1056 606 1131 40,
621 1056 640 1114 3
661 1047 807 1113 ‘Namusa
826 1055 964 1115 Servium
981 1057 1174 1132 respondisse

160 1135 299 1221 scribit'),
324 1141 471 1217 Ulpianus
495 1135 545 1220 (D.
562 1144 611 1217 17,
627 1145 656 1220 2,
671 1145 722 1210 52.
739 1145 779 1203 18
805 1137 959 1203 ‘Servium
982 1146 1172 1220 respondisse

158 1230 297 1290 Aufidius
331 1224 471 1309 refert'),
503 1231 617 1291 Paulus
647 1233 678 1290 in
707 1232 809 1290 Alfeni
836 1232 970 1310 Digestis
999 1233 1172 1308 epitomatis

159 1315 208 1397 (D.
226 1321 277 1392 28,
292 1321 321 1398 5,
336 1322 377 1379 46
402 1314 536 1380 ‘Servius
559 1313 737 1396 respondit'3
762 1321 796 1381 D.
813 1323 864 1396 33,
881 1325 909 1399 7,
927 1323 1008 1398 16,1
1036 1317 1171 1384 ‘Servius

157 1401 356 1489 respondit')

246 1496 277 1556 0.
301 1486 425 1556 Ateium
457 1497 553 1558 Servii
583 1517 726 1575 responsa
757 1499 897 1557 retulisse
930 1499 1034 1558 scribit
1062 1501 1169 1560 unicus
1289 1493 1291 1572 1

157 1587 257 1646 Labeo
272 1577 321 1664 (D.
335 1589 385 1664 23,
397 1589 425 1664 3,
437 1589 516 1665 79,1
533 1581 652 1646 ‘Ateius
667 1587 787 1663 scripsit
802 1587 940 1647 Servium
953 1584 1168 1666 respondisse’;

156 1675 192 1734 D.
213 1677 264 1754 34,
284 1678 313 1750 2,
333 1678 384 1752 39,
406 1679 423 1735 2
449 1670 567 1736 Ἃ13133
591 1676 730 1736 Servium
751 1676 941 1752 respondisse
965 1670 1104 1757 scribit').

246 1763 341 1824 Cinna
364 1765 500 1843 denique,
524 1765 576 1840 qui
598 1765 644 1823 bis
665 1767 785 1823 tantum
803 1767 835 1822 in
853 1765 1014 1824 Iustiniani
1033 1767 1167 1844 Digestis

158 1853 301 1913 laudatur
324 1852 451 1929 (scilicet
473 1873 490 1912 a
508 1853 647 1913 Labeone
665 1853 701 1912 D.
717 1855 768 1926 35,
782 1857 809 1926 1,
825 1856 875 1929 40,
893 1857 908 1912 1
930 1859 961 1912 31
979 1855 1016 1913 35
1035 1853 1166 1931 11131333

155 1943 191 2002 D.
213 1945 263 2018 23,
288 1945 317 2018 2,
342 1933 389 2024 6),
418 1961 546 2020 uroque
573 1942 639 2001 loco
668 1942 704 2000 (13
731 1943 883 2018 333333313
912 1943 1029 2020 scribit,
1060 1944 1104 2003 ita
1134 1949 1166 2004 ut

156 2031 253 2091 Servii
276 2032 404 2090 fortasse
428 2030 624 2107 3333333313
647 2033 778 2090 montem
800 2031 941 2090 habuisse
964 2031 1110 2092 videatur.

243 2119 468 2194 Nonnunquam
504 2119 685 2197 generaliter
721 2113 835 2178 ‘Servii
872 2115 1041 2180 auditores'
1076 2141 1165 2197 prae-

155 2207 284 2282 ceptoris
320 2225 463 2284 respousa
497 2209 608 2267 referre
646 2208 802 2282 dicuntur,
840 2209 954 2268 scilicet
989 2210 1025 2268 ab
1058 2211 1166 2269 iisdem

154 2296 292 2355 Labeone
316 2288 365 2377 (D.
387 2299 438 2374 33,
453 2299 482 2375 4,
503 2300 563 2373 6,1
595 2292 705 2356 ‘Servii
732 2297 885 2357 auditores
912 2292 1107 2378 retulerunt’)
1134 2303 1166 2359 et

153 2384 284 2460 Ulpiano
312 2378 363 2466 (D.
384 2387 434 2462 33,
450 2388 478 2463 7,
499 2388 583 2461 12,6
613 2381 672 2445 ‘ita
701 2385 837 2446 Servium
866 2386 1054 2462 respondisse
1080 2388 1164 2447 audi-

152 2477 234 2534 tores
262 2466 439 2557 referuut').
492 2476 565 2534 haec
591 2475 651 2535 viri
678 2475 759 2535 docti
786 2475 899 2549 optimo
926 2475 993 2534 iure
1019 2475 1059 2534 ad
1086 2477 1164 2535 illud

153 2582 228 2640 opus
255 2565 402 2642 referunt,
430 2565 511 2642 quod
536 2564 692 2623 Aufidium
719 2564 884 2623 Namusam
911 2583 947 2622 33
975 2569 1041 2624 3313
1066 2564 1163 2626 Servii

153 2654 326 2713 auditorum
349 2653 434 2713 libris
457 2654 658 2730 composuisse
681 2652 865 2729 Pomponius
889 2650 908 2727 ξ
929 2655 970 2711 44
995 2653 1076 2712 dicit.
1243 2647 1247 2656 '

240 2742 342 2801 Etiam
365 2761 383 2800 a
405 2742 623 2818 posterioribus
641 2743 715 2800 iuris
734 2741 878 2800 consultis
901 2739 996 2800 Servii
1019 2761 1163 2818 responsa

151 2831 315 2890 laudantur
338 2833 369 2888 et
391 2849 607 2908 nonnunquam
631 2830 753 2908 quidem
776 2848 914 2906 expresse
933 2848 968 2888 33
987 2831 1161 2891 auditorum

85 2979 87 2984 ,
150 2919 270 2977 illorum
299 2918 394 2976 libris.
445 2920 620 2978 testimonia
650 2919 814 2978 secundum
841 2919 985 2994 temporis
1013 2919 1162 2980 rationem

151 3006 296 3066 collocare
319 3007 419 3065 visum
441 3009 495 3067 est.
541 3007 638 3082 primo
666 3009 731 3066 loco
754 3007 855 3068 Labeo
883 3009 1082 3067 nominandus
1106 3017 1161 3086 est,

150 3095 204 3172 qui
225 3095 257 3153 in
279 3095 496 3170 posterioribus
519 3095 615 3172 libris,
639 3114 765 3170 quorum
788 3096 958 3174 fragmenta
975 3097 1008 3155 in
1025 3096 1160 3158 Iavoleni

150 3184 278 3260 epitome
303 3185 422 3242 servata
444 3187 514 3242 sunt
538 3177 582 3264 (P.
605 3177 802 3262 loo-240),
826 3187 857 3244 et
878 3184 1022 3244 Alfenum
1044 3185 1161 3246 Varum

150 3277 180 3332 et
203 3273 370 3332 Namusam
397 3275 428 3331 et
453 3273 573 3332 Ateium
601 3273 801 3348 praeceptoris
829 3292 973 3349 responsa
995 3275 1159 3336 referentes

149 3363 270 3442 allegat.
316 3382 352 3422 ex
373 3361 482 3421 Alfeno
505 3363 578 3422 baec
602 3363 781 3422 afferuntur:
805 3355 945 3422 ‘Alfenus
968 3363 1067 3422 Varus
1091 3364 1158 3423 Ser-

148 3454 231 3513 vium
259 3451 446 3529 respondisse
471 3445 586 3512 scribit'
610 3443 659 3534 (D.
681 3453 735 3530 33,
751 3453 785 3530 4,
801 3454 886 3529 6pr.·
898 3451 996 3511 Labeo
1025 3453 1103 3514 libro
1127 3454 1157 3512 II

27 3572 33 3573 ff
147 3543 347 3619 posteriorum
378 3561 396 3601 a
427 3543 568 3602 Iauoleno
599 3541 829 3618 epitomatorem
857 3540 891 3599 P.
917 3533 1008 3621 178);
1042 3536 1157 3602 ‘Varus
