<?xml version="1.0" encoding="UTF-8"?>
<!DOCTYPE html PUBLIC "-//W3C//DTD XHTML 1.0 Transitional//EN"
    "http://www.w3.org/TR/xhtml1/DTD/xhtml1-transitional.dtd">
<html xmlns="http://www.w3.org/1999/xhtml" xml:lang="en" lang="en">
 <head>
  <title>
</title>
<meta http-equiv="Content-Type" content="text/html;charset=utf-8" />
  <meta name='ocr-system' content='tesseract 3.04.00' />
  <meta name='ocr-capabilities' content='ocr_page ocr_carea ocr_par ocr_line ocrx_word'/>
</head>
<body>
  <div class='ocr_page' id='page_1' title='image "./iurisprudentiae05bremgoog_0097.png"; bbox 0 0 2600 3908; ppageno 0'>
   <div class='ocr_carea' id='block_1_1' title="bbox 302 217 1127 284">
    <p class='ocr_par' dir='ltr' id='par_1_1' title="bbox 302 217 1127 284">
     <span class='ocr_line' id='line_1_1' title="bbox 302 217 1127 284; baseline -0.016 -10"><span class='ocrx_word' id='word_1_1' title='bbox 302 227 325 276; x_wconf 80' lang='grc'><strong>7.</strong></span> <span class='ocrx_word' id='word_1_2' title='bbox 352 219 383 284; x_wconf 82' lang='lat' dir='ltr'><strong>Q.</strong></span> <span class='ocrx_word' id='word_1_3' title='bbox 402 217 537 274; x_wconf 82' lang='lat' dir='ltr'><strong>MUClUS</strong></span> <span class='ocrx_word' id='word_1_4' title='bbox 557 219 586 272; x_wconf 95' lang='lat' dir='ltr'><strong>P.</strong></span> <span class='ocrx_word' id='word_1_5' title='bbox 602 218 632 273; x_wconf 86' lang='lat' dir='ltr'><strong>F.</strong></span> <span class='ocrx_word' id='word_1_6' title='bbox 646 217 677 272; x_wconf 93' lang='lat' dir='ltr'><strong>P.</strong></span> <span class='ocrx_word' id='word_1_7' title='bbox 691 217 726 273; x_wconf 88' lang='lat' dir='ltr'><strong>N.</strong></span> <span class='ocrx_word' id='word_1_8' title='bbox 742 217 931 273; x_wconf 75' lang='lat' dir='ltr'><strong>scnuvotn</strong></span> <span class='ocrx_word' id='word_1_9' title='bbox 1005 229 1006 232; x_wconf 74' lang='grc'>’</span> <span class='ocrx_word' id='word_1_10' title='bbox 1079 217 1127 282; x_wconf 80' lang='lat'><strong>85.</strong></span> 
     </span>
    </p>
   </div>
   <div class='ocr_carea' id='block_1_2' title="bbox 73 385 1127 1086">
    <p class='ocr_par' dir='ltr' id='par_1_2' title="bbox 73 385 1127 1086">
     <span class='ocr_line' id='line_1_2' title="bbox 102 385 1127 465; baseline 0 -18"><span class='ocrx_word' id='word_1_11' title='bbox 102 387 206 447; x_wconf 79' lang='lat' dir='ltr'><strong>Servii</strong></span> <span class='ocrx_word' id='word_1_12' title='bbox 238 387 358 447; x_wconf 90' lang='lat' dir='ltr'><strong>demum</strong></span> <span class='ocrx_word' id='word_1_13' title='bbox 385 387 565 447; x_wconf 87' lang='lat' dir='ltr'><strong>auctoritate</strong></span> <span class='ocrx_word' id='word_1_14' title='bbox 593 387 674 465; x_wconf 87' lang='lat' dir='ltr'><strong>patri</strong></span> <span class='ocrx_word' id='word_1_15' title='bbox 703 387 738 446; x_wconf 94' lang='lat' dir='ltr'><strong>de</strong></span> <span class='ocrx_word' id='word_1_16' title='bbox 766 386 835 446; x_wconf 88' lang='lat' dir='ltr'><strong>dote</strong></span> <span class='ocrx_word' id='word_1_17' title='bbox 864 386 1016 446; x_wconf 86' lang='lat' dir='ltr'><strong>reddenda</strong></span> <span class='ocrx_word' id='word_1_18' title='bbox 1042 385 1127 447; x_wconf 86' lang='lat' dir='ltr'><strong>actio</strong></span> 
     </span>
     <span class='ocr_line' id='line_1_3' title="bbox 105 475 1125 553; baseline 0 -18"><span class='ocrx_word' id='word_1_19' title='bbox 105 477 181 536; x_wconf 86' lang='lat' dir='ltr'><strong>data</strong></span> <span class='ocrx_word' id='word_1_20' title='bbox 202 476 331 536; x_wconf 80' lang='lat' dir='ltr'><strong>videtur.</strong></span> <span class='ocrx_word' id='word_1_21' title='bbox 373 475 517 553; x_wconf 83' lang='lat' dir='ltr'><strong>Ozyhlerz</strong></span> <span class='ocrx_word' id='word_1_22' title='bbox 535 475 713 536; x_wconf 86' lang='lat' dir='ltr'><strong>Dotelrecht</strong></span> <span class='ocrx_word' id='word_1_23' title='bbox 729 496 758 552; x_wconf 90' lang='lat' dir='ltr'><strong>p.</strong></span> <span class='ocrx_word' id='word_1_24' title='bbox 773 476 826 535; x_wconf 91' lang='lat'><strong>48.</strong></span> <span class='ocrx_word' id='word_1_25' title='bbox 865 476 969 552; x_wconf 80' lang='lat' dir='ltr'><strong>itaque</strong></span> <span class='ocrx_word' id='word_1_26' title='bbox 989 493 1025 534; x_wconf 85' lang='lat' dir='ltr'><strong>ee</strong></span> <span class='ocrx_word' id='word_1_27' title='bbox 1043 493 1125 552; x_wconf 87' lang='lat' dir='ltr'><strong>qnae</strong></span> 
     </span>
     <span class='ocr_line' id='line_1_4' title="bbox 106 562 1121 640; baseline 0 -16"><span class='ocrx_word' id='word_1_28' title='bbox 106 565 141 636; x_wconf 80' lang='lat' dir='ltr'><strong>Q.</strong></span> <span class='ocrx_word' id='word_1_29' title='bbox 161 565 278 624; x_wconf 88' lang='lat' dir='ltr'><strong>Mucius</strong></span> <span class='ocrx_word' id='word_1_30' title='bbox 297 565 333 624; x_wconf 94' lang='lat' dir='ltr'><strong>de</strong></span> <span class='ocrx_word' id='word_1_31' title='bbox 351 565 396 624; x_wconf 87' lang='lat' dir='ltr'><strong>rei</strong></span> <span class='ocrx_word' id='word_1_32' title='bbox 413 565 536 624; x_wconf 83' lang='lat' dir='ltr'><strong>uxoriae</strong></span> <span class='ocrx_word' id='word_1_33' title='bbox 555 565 680 625; x_wconf 79' lang='lat' dir='ltr'><strong>arbitrio</strong></span> <span class='ocrx_word' id='word_1_34' title='bbox 700 563 809 640; x_wconf 91' lang='lat' dir='ltr'><strong>docuit,</strong></span> <span class='ocrx_word' id='word_1_35' title='bbox 828 562 926 624; x_wconf 82' lang='lat' dir='ltr'><strong>Servii</strong></span> <span class='ocrx_word' id='word_1_36' title='bbox 945 565 981 622; x_wconf 88' lang='lat' dir='ltr'><strong>de</strong></span> <span class='ocrx_word' id='word_1_37' title='bbox 1000 563 1121 624; x_wconf 87' lang='lat' dir='ltr'><strong>dotibus</strong></span> 
     </span>
     <span class='ocr_line' id='line_1_5' title="bbox 105 651 1121 730; baseline -0.002 -18"><span class='ocrx_word' id='word_1_38' title='bbox 105 654 185 714; x_wconf 89' lang='lat' dir='ltr'><strong>libro</strong></span> <span class='ocrx_word' id='word_1_39' title='bbox 213 654 389 714; x_wconf 85' lang='lat' dir='ltr'><strong>oblitterata</strong></span> <span class='ocrx_word' id='word_1_40' title='bbox 416 657 494 714; x_wconf 87' lang='lat' dir='ltr'><strong>sunt.</strong></span> <span class='ocrx_word' id='word_1_41' title='bbox 543 672 619 730; x_wconf 89' lang='lat' dir='ltr'><strong>quae</strong></span> <span class='ocrx_word' id='word_1_42' title='bbox 645 671 718 715; x_wconf 78' lang='lat' dir='ltr'><strong>vero</strong></span> <span class='ocrx_word' id='word_1_43' title='bbox 747 651 868 713; x_wconf 80' lang='lat' dir='ltr'><strong>Servius</strong></span> <span class='ocrx_word' id='word_1_44' title='bbox 895 653 952 712; x_wconf 89' lang='lat' dir='ltr'><strong>hoc</strong></span> <span class='ocrx_word' id='word_1_45' title='bbox 979 652 1057 711; x_wconf 90' lang='lat' dir='ltr'><strong>libro</strong></span> <span class='ocrx_word' id='word_1_46' title='bbox 1085 652 1121 710; x_wconf 92' lang='lat' dir='ltr'><strong>de</strong></span> 
     </span>
     <span class='ocr_line' id='line_1_6' title="bbox 106 741 1120 819; baseline -0.003 -16"><span class='ocrx_word' id='word_1_47' title='bbox 106 743 299 819; x_wconf 78' lang='lat' dir='ltr'><strong>sponsalibus</strong></span> <span class='ocrx_word' id='word_1_48' title='bbox 319 745 349 802; x_wconf 91' lang='lat' dir='ltr'><strong>et</strong></span> <span class='ocrx_word' id='word_1_49' title='bbox 368 742 404 802; x_wconf 92' lang='lat' dir='ltr'><strong>de</strong></span> <span class='ocrx_word' id='word_1_50' title='bbox 423 741 504 802; x_wconf 90' lang='lat' dir='ltr'><strong>dotis</strong></span> <span class='ocrx_word' id='word_1_51' title='bbox 524 741 651 802; x_wconf 78' lang='lat' dir='ltr'><strong>dictione</strong></span> <span class='ocrx_word' id='word_1_52' title='bbox 665 761 734 802; x_wconf 90' lang='lat' dir='ltr'><strong>cum</strong></span> <span class='ocrx_word' id='word_1_53' title='bbox 748 741 938 818; x_wconf 82' lang='lat' dir='ltr'><strong>sponsalibus</strong></span> <span class='ocrx_word' id='word_1_54' title='bbox 953 741 1120 818; x_wconf 85' lang='lat' dir='ltr'><strong>coniunctis</strong></span> 
     </span>
     <span class='ocr_line' id='line_1_7' title="bbox 104 823 1122 912; baseline -0.002 -22"><span class='ocrx_word' id='word_1_55' title='bbox 104 833 203 909; x_wconf 91' lang='lat' dir='ltr'><strong>deque</strong></span> <span class='ocrx_word' id='word_1_56' title='bbox 231 832 277 890; x_wconf 91' lang='lat' dir='ltr'><strong>rei</strong></span> <span class='ocrx_word' id='word_1_57' title='bbox 303 831 426 892; x_wconf 85' lang='lat' dir='ltr'><strong>uxoriae</strong></span> <span class='ocrx_word' id='word_1_58' title='bbox 454 831 643 891; x_wconf 72' lang='lat' dir='ltr'><strong>cautionibus</strong></span> <span class='ocrx_word' id='word_1_59' title='bbox 666 830 792 890; x_wconf 78' lang='lat' dir='ltr'><strong>tradidit</strong></span> <span class='ocrx_word' id='word_1_60' title='bbox 816 823 906 912; x_wconf 80' lang='lat' dir='ltr'><strong>(Geli.</strong></span> <span class='ocrx_word' id='word_1_61' title='bbox 929 832 959 907; x_wconf 99' lang='lat'><strong>4,</strong></span> <span class='ocrx_word' id='word_1_62' title='bbox 979 831 1008 906; x_wconf 90' lang='lat'><strong>4,</strong></span> <span class='ocrx_word' id='word_1_63' title='bbox 1028 831 1057 908; x_wconf 85' lang='lat'><strong>3,</strong></span> <span class='ocrx_word' id='word_1_64' title='bbox 1077 825 1122 909; x_wconf 79' lang='lat'><strong>2),</strong></span> 
     </span>
     <span class='ocr_line' id='line_1_8' title="bbox 73 919 1119 998; baseline -0.002 -20"><span class='ocrx_word' id='word_1_65' title='bbox 73 961 76 967; x_wconf 84' lang='lat'><em>-</em></span> <span class='ocrx_word' id='word_1_66' title='bbox 106 921 236 980; x_wconf 79' lang='lat' dir='ltr'><strong>fortasse</strong></span> <span class='ocrx_word' id='word_1_67' title='bbox 259 921 321 979; x_wconf 87' lang='lat' dir='ltr'><strong>iem</strong></span> <span class='ocrx_word' id='word_1_68' title='bbox 338 920 455 980; x_wconf 88' lang='lat' dir='ltr'><strong>Mucius</strong></span> <span class='ocrx_word' id='word_1_69' title='bbox 478 920 624 998; x_wconf 82' lang='lat' dir='ltr'><strong>exposuit,</strong></span> <span class='ocrx_word' id='word_1_70' title='bbox 648 920 700 997; x_wconf 89' lang='lat' dir='ltr'><strong>qui</strong></span> <span class='ocrx_word' id='word_1_71' title='bbox 718 919 810 978; x_wconf 84' lang='lat' dir='ltr'><strong>etiem</strong></span> <span class='ocrx_word' id='word_1_72' title='bbox 828 919 923 996; x_wconf 86' lang='lat' dir='ltr'><strong>petris</strong></span> <span class='ocrx_word' id='word_1_73' title='bbox 942 937 1119 996; x_wconf 83' lang='lat' dir='ltr'><strong>responsum</strong></span> 
     </span>
     <span class='ocr_line' id='line_1_9' title="bbox 107 1007 872 1086; baseline -0.001 -18"><span class='ocrx_word' id='word_1_74' title='bbox 107 1009 185 1068; x_wconf 87' lang='lat' dir='ltr'><strong>illud</strong></span> <span class='ocrx_word' id='word_1_75' title='bbox 209 1009 241 1068; x_wconf 88' lang='lat' dir='ltr'><strong>in</strong></span> <span class='ocrx_word' id='word_1_76' title='bbox 264 1010 356 1069; x_wconf 89' lang='lat' dir='ltr'><strong>libros</strong></span> <span class='ocrx_word' id='word_1_77' title='bbox 380 1027 450 1069; x_wconf 88' lang='lat' dir='ltr'><strong>suos</strong></span> <span class='ocrx_word' id='word_1_78' title='bbox 473 1009 619 1085; x_wconf 76' lang='lat' dir='ltr'><strong>recepisse</strong></span> <span class='ocrx_word' id='word_1_79' title='bbox 641 1007 794 1086; x_wconf 88' lang='lat' dir='ltr'><strong>putandus</strong></span> <span class='ocrx_word' id='word_1_80' title='bbox 818 1011 872 1068; x_wconf 87' lang='lat' dir='ltr'><strong>est.</strong></span> 
     </span>
    </p>
   </div>
   <div class='ocr_carea' id='block_1_3' title="bbox 502 1203 729 1370">
    <p class='ocr_par' dir='ltr' id='par_1_3' title="bbox 502 1203 729 1370">
     <span class='ocr_line' id='line_1_10' title="bbox 502 1203 729 1263; baseline 0 -1"><span class='ocrx_word' id='word_1_81' title='bbox 502 1203 610 1263; x_wconf 89' lang='lat' dir='ltr'><strong>Liber</strong></span> <span class='ocrx_word' id='word_1_82' title='bbox 632 1203 729 1263; x_wconf 80' lang='lat' dir='ltr'>VIII?</span> 
     </span>
     <span class='ocr_line' id='line_1_11' title="bbox 530 1311 698 1370; baseline 0.012 -2"><span class='ocrx_word' id='word_1_83' title='bbox 530 1311 577 1369; x_wconf 89' lang='lat' dir='ltr'><strong>Dc</strong></span> <span class='ocrx_word' id='word_1_84' title='bbox 598 1312 698 1370; x_wconf 75' lang='lat' dir='ltr'><strong>tutelis.</strong></span> 
     </span>
    </p>
   </div>
   <div class='ocr_carea' id='block_1_4' title="bbox 108 1424 1125 1770">
    <p class='ocr_par' dir='ltr' id='par_1_4' title="bbox 108 1424 1125 1770">
     <span class='ocr_line' id='line_1_12' title="bbox 197 1424 1122 1503; baseline 0 -19"><span class='ocrx_word' id='word_1_85' title='bbox 197 1426 241 1485; x_wconf 88' lang='lat' dir='ltr'><strong>De</strong></span> <span class='ocrx_word' id='word_1_86' title='bbox 264 1427 379 1503; x_wconf 88' lang='lat' dir='ltr'><strong>tutelis,</strong></span> <span class='ocrx_word' id='word_1_87' title='bbox 402 1426 438 1486; x_wconf 93' lang='lat' dir='ltr'><strong>de</strong></span> <span class='ocrx_word' id='word_1_88' title='bbox 462 1425 571 1502; x_wconf 87' lang='lat' dir='ltr'><strong>quibus</strong></span> <span class='ocrx_word' id='word_1_89' title='bbox 593 1424 776 1501; x_wconf 88' lang='lat' dir='ltr'><strong>Pomponius</strong></span> <span class='ocrx_word' id='word_1_90' title='bbox 798 1424 875 1485; x_wconf 91' lang='lat' dir='ltr'><strong>libro</strong></span> <span class='ocrx_word' id='word_1_91' title='bbox 899 1428 983 1486; x_wconf 85' lang='lat' dir='ltr'><strong>sexto</strong></span> <span class='ocrx_word' id='word_1_92' title='bbox 1007 1425 1122 1484; x_wconf 91' lang='lat' dir='ltr'><strong>decimo</strong></span> 
     </span>
     <span class='ocr_line' id='line_1_13' title="bbox 108 1506 1125 1596; baseline -0.003 -21"><span class='ocrx_word' id='word_1_93' title='bbox 108 1514 229 1575; x_wconf 83' lang='lat' dir='ltr'><strong>videtur</strong></span> <span class='ocrx_word' id='word_1_94' title='bbox 251 1515 404 1591; x_wconf 86' lang='lat' dir='ltr'><strong>scripsisse</strong></span> <span class='ocrx_word' id='word_1_95' title='bbox 427 1506 475 1596; x_wconf 92' lang='lat' dir='ltr'><strong>(P.</strong></span> <span class='ocrx_word' id='word_1_96' title='bbox 495 1516 569 1589; x_wconf 78' lang='lat'><strong>272,</strong></span> <span class='ocrx_word' id='word_1_97' title='bbox 589 1507 677 1591; x_wconf 77' lang='lat'>273),</span> <span class='ocrx_word' id='word_1_98' title='bbox 700 1513 792 1574; x_wconf 88' lang='lat' dir='ltr'><strong>etiam</strong></span> <span class='ocrx_word' id='word_1_99' title='bbox 813 1513 946 1574; x_wconf 85' lang='lat' dir='ltr'><strong>Mucium</strong></span> <span class='ocrx_word' id='word_1_100' title='bbox 969 1513 1125 1589; x_wconf 87' lang='lat' dir='ltr'><strong>scripsisse</strong></span> 
     </span>
     <span class='ocr_line' id='line_1_14' title="bbox 109 1601 1124 1681; baseline -0.003 -18"><span class='ocrx_word' id='word_1_101' title='bbox 109 1609 235 1663; x_wconf 83' lang='lat' dir='ltr'><strong>constet</strong></span> <span class='ocrx_word' id='word_1_102' title='bbox 276 1623 353 1681; x_wconf 87' lang='lat' dir='ltr'><strong>quae</strong></span> <span class='ocrx_word' id='word_1_103' title='bbox 372 1602 452 1680; x_wconf 84' lang='lat' dir='ltr'><strong>apud</strong></span> <span class='ocrx_word' id='word_1_104' title='bbox 471 1601 581 1662; x_wconf 76' lang='lat' dir='ltr'><strong>Gaium</strong></span> <span class='ocrx_word' id='word_1_105' title='bbox 598 1602 623 1680; x_wconf 93' lang='lat' dir='ltr'><strong>I,</strong></span> <span class='ocrx_word' id='word_1_106' title='bbox 644 1603 706 1662; x_wconf 88' lang='grc'><strong>144</strong></span> <span class='ocrx_word' id='word_1_107' title='bbox 721 1620 784 1680; x_wconf 89' lang='lat' dir='ltr'><strong>sqq.</strong></span> <span class='ocrx_word' id='word_1_108' title='bbox 802 1603 859 1662; x_wconf 84' lang='lat' dir='ltr'><strong>hac</strong></span> <span class='ocrx_word' id='word_1_109' title='bbox 880 1604 915 1662; x_wconf 88' lang='lat' dir='ltr'><strong>ds</strong></span> <span class='ocrx_word' id='word_1_110' title='bbox 934 1602 1124 1680; x_wconf 82' lang='lat' dir='ltr'><strong>relegimus,</strong></span> 
     </span>
     <span class='ocr_line' id='line_1_15' title="bbox 108 1685 1122 1770; baseline -0.001 -19"><span class='ocrx_word' id='word_1_111' title='bbox 108 1691 270 1770; x_wconf 83' lang='lat' dir='ltr'><strong>repetenda</strong></span> <span class='ocrx_word' id='word_1_112' title='bbox 297 1693 378 1754; x_wconf 83' lang='lat' dir='ltr'><strong>duxi.</strong></span> <span class='ocrx_word' id='word_1_113' title='bbox 428 1685 622 1750; x_wconf 71' lang='lat' dir='ltr'><strong>‘Permissum</strong></span> <span class='ocrx_word' id='word_1_114' title='bbox 649 1693 695 1750; x_wconf 88' lang='lat' dir='ltr'><strong>est</strong></span> <span class='ocrx_word' id='word_1_115' title='bbox 800 1691 989 1768; x_wconf 86' lang='lat' dir='ltr'><strong>parentibus,</strong></span> <span class='ocrx_word' id='word_1_116' title='bbox 1020 1690 1122 1750; x_wconf 90' lang='lat' dir='ltr'><strong>liberis</strong></span> 
     </span>
    </p>
   </div>
   <div class='ocr_carea' id='block_1_5' title="bbox 107 1779 1202 3280">
    <p class='ocr_par' dir='ltr' id='par_1_5' title="bbox 107 1779 1202 3280">
     <span class='ocr_line' id='line_1_16' title="bbox 109 1779 1124 1858; baseline -0.002 -18"><span class='ocrx_word' id='word_1_117' title='bbox 109 1800 183 1857; x_wconf 92' lang='lat' dir='ltr'><strong>quos</strong></span> <span class='ocrx_word' id='word_1_118' title='bbox 214 1783 245 1840; x_wconf 91' lang='lat' dir='ltr'><strong>in</strong></span> <span class='ocrx_word' id='word_1_119' title='bbox 271 1783 422 1857; x_wconf 88' lang='lat' dir='ltr'><strong>potestate</strong></span> <span class='ocrx_word' id='word_1_120' title='bbox 450 1799 506 1840; x_wconf 82' lang='lat' dir='ltr'><strong>sus</strong></span> <span class='ocrx_word' id='word_1_121' title='bbox 532 1779 659 1858; x_wconf 86' lang='lat' dir='ltr'><strong>habent,</strong></span> <span class='ocrx_word' id='word_1_122' title='bbox 690 1781 871 1840; x_wconf 85' lang='lat' dir='ltr'><strong>testamento</strong></span> <span class='ocrx_word' id='word_1_123' title='bbox 898 1783 1014 1839; x_wconf 90' lang='lat' dir='ltr'><strong>tutores</strong></span> <span class='ocrx_word' id='word_1_124' title='bbox 1043 1779 1124 1855; x_wconf 84' lang='lat' dir='ltr'><strong>dere,</strong></span> 
     </span>
     <span class='ocr_line' id='line_1_17' title="bbox 107 1867 1202 1948; baseline 0.001 -19"><span class='ocrx_word' id='word_1_125' title='bbox 107 1871 266 1930; x_wconf 89' lang='lat' dir='ltr'><strong>masculini</strong></span> <span class='ocrx_word' id='word_1_126' title='bbox 307 1870 428 1948; x_wconf 86' lang='lat' dir='ltr'><strong>quidem</strong></span> <span class='ocrx_word' id='word_1_127' title='bbox 468 1887 557 1929; x_wconf 86' lang='lat' dir='ltr'><strong>sexus</strong></span> <span class='ocrx_word' id='word_1_128' title='bbox 597 1869 807 1946; x_wconf 77' lang='lat' dir='ltr'><strong>inpuberibuS,</strong></span> <span class='ocrx_word' id='word_1_129' title='bbox 848 1867 984 1928; x_wconf 88' lang='lat' dir='ltr'><strong>feminini</strong></span> <span class='ocrx_word' id='word_1_130' title='bbox 1021 1871 1124 1926; x_wconf 88' lang='lat' dir='ltr'><strong>autem</strong></span> <span class='ocrx_word' id='word_1_131' title='bbox 1201 1925 1202 1930; x_wconf 73' lang='grc'>,</span> 
     </span>
     <span class='ocr_line' id='line_1_18' title="bbox 109 1957 1124 2036; baseline -0.003 -18"><span class='ocrx_word' id='word_1_132' title='bbox 109 1977 195 2019; x_wconf 86' lang='lat' dir='ltr'><strong>sexus</strong></span> <span class='ocrx_word' id='word_1_133' title='bbox 236 1959 448 2036; x_wconf 86' lang='lat' dir='ltr'><strong>cuiuscumque</strong></span> <span class='ocrx_word' id='word_1_134' title='bbox 489 1958 598 2017; x_wconf 87' lang='lat' dir='ltr'><strong>aetatis</strong></span> <span class='ocrx_word' id='word_1_135' title='bbox 636 1957 697 2017; x_wconf 91' lang='lat' dir='ltr'><strong>sint</strong></span> <span class='ocrx_word' id='word_1_136' title='bbox 732 1961 763 2017; x_wconf 86' lang='lat' dir='ltr'><strong>et</strong></span> <span class='ocrx_word' id='word_1_137' title='bbox 798 1961 866 2017; x_wconf 91' lang='lat' dir='ltr'><strong>tum</strong></span> <span class='ocrx_word' id='word_1_138' title='bbox 902 1975 1019 2035; x_wconf 91' lang='lat' dir='ltr'><strong>quoque</strong></span> <span class='ocrx_word' id='word_1_139' title='bbox 1056 1976 1124 2014; x_wconf 86' lang='lat' dir='ltr'><strong>cum</strong></span> 
     </span>
     <span class='ocr_line' id='line_1_19' title="bbox 108 2039 1124 2124; baseline -0.004 -17"><span class='ocrx_word' id='word_1_140' title='bbox 108 2052 220 2124; x_wconf 80' lang='lat' dir='ltr'><strong>nuptae</strong></span> <span class='ocrx_word' id='word_1_141' title='bbox 248 2041 332 2108; x_wconf 90' lang='lat' dir='ltr'><strong>sint’.</strong></span> <span class='ocrx_word' id='word_1_142' title='bbox 383 2049 446 2108; x_wconf 81' lang='lat'><strong>145</strong></span> <span class='ocrx_word' id='word_1_143' title='bbox 475 2039 641 2124; x_wconf 78' lang='lat' dir='ltr'><strong>‘loquimur</strong></span> <span class='ocrx_word' id='word_1_144' title='bbox 668 2049 770 2106; x_wconf 87' lang='lat' dir='ltr'><strong>autem</strong></span> <span class='ocrx_word' id='word_1_145' title='bbox 797 2047 929 2123; x_wconf 82' lang='lat' dir='ltr'><strong>excoptIs</strong></span> <span class='ocrx_word' id='word_1_146' title='bbox 955 2045 1124 2124; x_wconf 76' lang='lat' dir='ltr'><strong>virginibus</strong></span> 
     </span>
     <span class='ocr_line' id='line_1_20' title="bbox 111 2129 1124 2212; baseline 0.001 -20"><span class='ocrx_word' id='word_1_147' title='bbox 111 2129 294 2197; x_wconf 82' lang='lat' dir='ltr'><strong>Vestalibus&#39;</strong></span> <span class='ocrx_word' id='word_1_148' title='bbox 313 2182 338 2196; x_wconf 86' lang='lat'><strong>..</strong></span> <span class='ocrx_word' id='word_1_149' title='bbox 361 2137 423 2196; x_wconf 82' lang='lat'><strong>155</strong></span> <span class='ocrx_word' id='word_1_150' title='bbox 443 2131 571 2205; x_wconf 77' lang='lat' dir='ltr'><strong>‘Quibus</strong></span> <span class='ocrx_word' id='word_1_151' title='bbox 594 2138 775 2196; x_wconf 79' lang='lat' dir='ltr'><strong>testamento</strong></span> <span class='ocrx_word' id='word_1_152' title='bbox 794 2135 915 2212; x_wconf 86' lang='lat' dir='ltr'><strong>quidem</strong></span> <span class='ocrx_word' id='word_1_153' title='bbox 932 2138 1018 2194; x_wconf 86' lang='lat' dir='ltr'><strong>tutor</strong></span> <span class='ocrx_word' id='word_1_154' title='bbox 1036 2134 1124 2193; x_wconf 85' lang='lat' dir='ltr'><strong>datus</strong></span> 
     </span>
     <span class='ocr_line' id='line_1_21' title="bbox 110 2224 1123 2303; baseline -0.004 -19"><span class='ocrx_word' id='word_1_155' title='bbox 110 2245 170 2286; x_wconf 93' lang='lat' dir='ltr'><strong>non</strong></span> <span class='ocrx_word' id='word_1_156' title='bbox 198 2225 252 2302; x_wconf 89' lang='lat' dir='ltr'><strong>sit,</strong></span> <span class='ocrx_word' id='word_1_157' title='bbox 278 2225 317 2284; x_wconf 89' lang='lat' dir='ltr'><strong>iis</strong></span> <span class='ocrx_word' id='word_1_158' title='bbox 344 2243 381 2284; x_wconf 84' lang='lat' dir='ltr'><strong>ex</strong></span> <span class='ocrx_word' id='word_1_159' title='bbox 407 2225 474 2303; x_wconf 86' lang='lat' dir='ltr'><strong>lege</strong></span> <span class='ocrx_word' id='word_1_160' title='bbox 497 2224 557 2284; x_wconf 88' lang='lat' dir='ltr'><strong>XII</strong></span> <span class='ocrx_word' id='word_1_161' title='bbox 578 2225 753 2284; x_wconf 87' lang='lat' dir='ltr'><strong>tabularum</strong></span> <span class='ocrx_word' id='word_1_162' title='bbox 776 2225 881 2302; x_wconf 83' lang='lat' dir='ltr'><strong>agneti</strong></span> <span class='ocrx_word' id='word_1_163' title='bbox 904 2228 975 2284; x_wconf 88' lang='lat' dir='ltr'><strong>sunt</strong></span> <span class='ocrx_word' id='word_1_164' title='bbox 997 2226 1123 2298; x_wconf 87' lang='lat' dir='ltr'><strong>tutores,</strong></span> 
     </span>
     <span class='ocr_line' id='line_1_22' title="bbox 112 2305 1123 2392; baseline -0.003 -19"><span class='ocrx_word' id='word_1_165' title='bbox 112 2315 162 2392; x_wconf 92' lang='lat' dir='ltr'><strong>qni</strong></span> <span class='ocrx_word' id='word_1_166' title='bbox 189 2317 336 2375; x_wconf 84' lang='lat' dir='ltr'><strong>vocantur</strong></span> <span class='ocrx_word' id='word_1_167' title='bbox 362 2307 511 2392; x_wconf 74' lang='lat' dir='ltr'><strong>legibmi&#39;.</strong></span> <span class='ocrx_word' id='word_1_168' title='bbox 559 2315 620 2374; x_wconf 86' lang='grc'><strong>157</strong></span> <span class='ocrx_word' id='word_1_169' title='bbox 650 2305 694 2372; x_wconf 79' lang='lat' dir='ltr'><strong>‘et</strong></span> <span class='ocrx_word' id='word_1_170' title='bbox 722 2314 794 2372; x_wconf 91' lang='lat' dir='ltr'><strong>olim</strong></span> <span class='ocrx_word' id='word_1_171' title='bbox 816 2313 948 2388; x_wconf 91' lang='lat' dir='ltr'><strong>quidem,</strong></span> <span class='ocrx_word' id='word_1_172' title='bbox 977 2316 1123 2390; x_wconf 89' lang='lat' dir='ltr'><strong>quantum</strong></span> 
     </span>
     <span class='ocr_line' id='line_1_23' title="bbox 112 2401 1124 2481; baseline -0.002 -19"><span class='ocrx_word' id='word_1_173' title='bbox 112 2403 149 2462; x_wconf 88' lang='lat' dir='ltr'><strong>sd</strong></span> <span class='ocrx_word' id='word_1_174' title='bbox 177 2404 275 2481; x_wconf 83' lang='lat' dir='ltr'><strong>legem</strong></span> <span class='ocrx_word' id='word_1_175' title='bbox 297 2401 358 2462; x_wconf 89' lang='lat' dir='ltr'><strong>XII</strong></span> <span class='ocrx_word' id='word_1_176' title='bbox 379 2402 554 2462; x_wconf 85' lang='lat' dir='ltr'><strong>tabularum</strong></span> <span class='ocrx_word' id='word_1_177' title='bbox 581 2401 703 2476; x_wconf 87' lang='lat' dir='ltr'><strong>attinet,</strong></span> <span class='ocrx_word' id='word_1_178' title='bbox 731 2401 824 2460; x_wconf 88' lang='lat' dir='ltr'><strong>etiam</strong></span> <span class='ocrx_word' id='word_1_179' title='bbox 846 2401 974 2460; x_wconf 87' lang='lat' dir='ltr'><strong>feminee</strong></span> <span class='ocrx_word' id='word_1_180' title='bbox 998 2405 1124 2478; x_wconf 81' lang='lat' dir='ltr'><strong>agnatos</strong></span> 
     </span>
     <span class='ocr_line' id='line_1_24' title="bbox 111 2483 1124 2568; baseline -0.005 -17"><span class='ocrx_word' id='word_1_181' title='bbox 111 2491 262 2551; x_wconf 83' lang='lat' dir='ltr'><strong>habebant</strong></span> <span class='ocrx_word' id='word_1_182' title='bbox 288 2485 426 2550; x_wconf 88' lang='lat' dir='ltr'><strong>tutores&#39;.</strong></span> <span class='ocrx_word' id='word_1_183' title='bbox 478 2492 539 2551; x_wconf 84' lang='grc'><strong>165</strong></span> <span class='ocrx_word' id='word_1_184' title='bbox 569 2483 617 2548; x_wconf 76' lang='lat' dir='ltr'><strong>‘ex</strong></span> <span class='ocrx_word' id='word_1_185' title='bbox 645 2491 749 2550; x_wconf 88' lang='lat' dir='ltr'><strong>eadem</strong></span> <span class='ocrx_word' id='word_1_186' title='bbox 776 2491 844 2568; x_wconf 82' lang='lat' dir='ltr'><strong>lege</strong></span> <span class='ocrx_word' id='word_1_187' title='bbox 865 2489 925 2548; x_wconf 90' lang='lat' dir='ltr'><strong>XII</strong></span> <span class='ocrx_word' id='word_1_188' title='bbox 950 2489 1124 2548; x_wconf 87' lang='lat' dir='ltr'><strong>tabularum</strong></span> 
     </span>
     <span class='ocr_line' id='line_1_25' title="bbox 111 2577 1124 2656; baseline -0.008 -15"><span class='ocrx_word' id='word_1_189' title='bbox 111 2581 287 2641; x_wconf 85' lang='lat' dir='ltr'><strong>libertorum</strong></span> <span class='ocrx_word' id='word_1_190' title='bbox 320 2583 352 2639; x_wconf 87' lang='lat' dir='ltr'><strong>et</strong></span> <span class='ocrx_word' id='word_1_191' title='bbox 382 2579 562 2656; x_wconf 89' lang='lat' dir='ltr'><strong>inpuberum</strong></span> <span class='ocrx_word' id='word_1_192' title='bbox 594 2580 692 2638; x_wconf 87' lang='lat' dir='ltr'><strong>tutela</strong></span> <span class='ocrx_word' id='word_1_193' title='bbox 721 2577 760 2637; x_wconf 89' lang='lat' dir='ltr'><strong>ad</strong></span> <span class='ocrx_word' id='word_1_194' title='bbox 785 2581 929 2654; x_wconf 87' lang='lat' dir='ltr'><strong>patronos</strong></span> <span class='ocrx_word' id='word_1_195' title='bbox 955 2577 1124 2651; x_wconf 85' lang='lat' dir='ltr'><strong>liberosque</strong></span> 
     </span>
     <span class='ocr_line' id='line_1_26' title="bbox 111 2659 1123 2746; baseline -0.004 -18"><span class='ocrx_word' id='word_1_196' title='bbox 111 2688 214 2730; x_wconf 89' lang='lat' dir='ltr'><strong>eorum</strong></span> <span class='ocrx_word' id='word_1_197' title='bbox 239 2659 391 2746; x_wconf 85' lang='lat' dir='ltr'><strong>pertinet&#39;.</strong></span> <span class='ocrx_word' id='word_1_198' title='bbox 441 2669 502 2727; x_wconf 91' lang='lat'><strong>184</strong></span> <span class='ocrx_word' id='word_1_199' title='bbox 528 2662 619 2726; x_wconf 75' lang='lat' dir='ltr'><strong>‘Olim</strong></span> <span class='ocrx_word' id='word_1_200' title='bbox 646 2685 715 2725; x_wconf 90' lang='lat' dir='ltr'><strong>cum</strong></span> <span class='ocrx_word' id='word_1_201' title='bbox 741 2667 818 2744; x_wconf 80' lang='lat' dir='ltr'><strong>legis</strong></span> <span class='ocrx_word' id='word_1_202' title='bbox 846 2666 978 2725; x_wconf 85' lang='lat' dir='ltr'><strong>actiones</strong></span> <span class='ocrx_word' id='word_1_203' title='bbox 1006 2665 1037 2724; x_wconf 93' lang='lat' dir='ltr'><strong>in</strong></span> <span class='ocrx_word' id='word_1_204' title='bbox 1063 2683 1123 2724; x_wconf 91' lang='lat' dir='ltr'><strong>usu</strong></span> 
     </span>
     <span class='ocr_line' id='line_1_27' title="bbox 111 2754 1125 2834; baseline -0.005 -16"><span class='ocrx_word' id='word_1_205' title='bbox 111 2761 206 2834; x_wconf 87' lang='lat' dir='ltr'><strong>erant,</strong></span> <span class='ocrx_word' id='word_1_206' title='bbox 229 2758 321 2817; x_wconf 86' lang='lat' dir='ltr'><strong>etiam</strong></span> <span class='ocrx_word' id='word_1_207' title='bbox 343 2777 379 2816; x_wconf 84' lang='lat' dir='ltr'><strong>ex</strong></span> <span class='ocrx_word' id='word_1_208' title='bbox 401 2757 456 2816; x_wconf 86' lang='lat' dir='ltr'><strong>illa</strong></span> <span class='ocrx_word' id='word_1_209' title='bbox 473 2775 566 2816; x_wconf 84' lang='lat' dir='ltr'><strong>cansa</strong></span> <span class='ocrx_word' id='word_1_210' title='bbox 583 2759 669 2815; x_wconf 90' lang='lat' dir='ltr'><strong>tutor</strong></span> <span class='ocrx_word' id='word_1_211' title='bbox 687 2755 823 2832; x_wconf 83' lang='lat' dir='ltr'><strong>dabatur,</strong></span> <span class='ocrx_word' id='word_1_212' title='bbox 846 2755 872 2814; x_wconf 88' lang='lat' dir='ltr'><strong>si</strong></span> <span class='ocrx_word' id='word_1_213' title='bbox 890 2754 969 2813; x_wconf 91' lang='lat' dir='ltr'><strong>inter</strong></span> <span class='ocrx_word' id='word_1_214' title='bbox 986 2757 1125 2814; x_wconf 89' lang='lat' dir='ltr'><strong>tutorem</strong></span> 
     </span>
     <span class='ocr_line' id='line_1_28' title="bbox 111 2835 1114 2924; baseline -0.006 -17"><span class='ocrx_word' id='word_1_215' title='bbox 111 2850 142 2908; x_wconf 93' lang='lat' dir='ltr'><strong>et</strong></span> <span class='ocrx_word' id='word_1_216' title='bbox 171 2847 328 2906; x_wconf 89' lang='lat' dir='ltr'><strong>mulierem</strong></span> <span class='ocrx_word' id='word_1_217' title='bbox 359 2846 547 2922; x_wconf 83' lang='lat' dir='ltr'><strong>pupillumve</strong></span> <span class='ocrx_word' id='word_1_218' title='bbox 577 2845 645 2924; x_wconf 82' lang='lat' dir='ltr'><strong>lege</strong></span> <span class='ocrx_word' id='word_1_219' title='bbox 673 2843 822 2922; x_wconf 81' lang='lat' dir='ltr'><strong>agendum</strong></span> <span class='ocrx_word' id='word_1_220' title='bbox 849 2835 936 2906; x_wconf 84' lang='lat' dir='ltr'><strong>erat&#39;.</strong></span> <span class='ocrx_word' id='word_1_221' title='bbox 987 2845 1049 2904; x_wconf 87' lang='lat'><strong>185</strong></span> <span class='ocrx_word' id='word_1_222' title='bbox 1076 2838 1114 2902; x_wconf 75' lang='lat' dir='ltr'><strong>‘si</strong></span> 
     </span>
     <span class='ocr_line' id='line_1_29' title="bbox 113 2932 1125 3011; baseline -0.002 -16"><span class='ocrx_word' id='word_1_223' title='bbox 113 2937 160 2996; x_wconf 88' lang='lat' dir='ltr'><strong>oni</strong></span> <span class='ocrx_word' id='word_1_224' title='bbox 187 2936 290 2994; x_wconf 88' lang='lat' dir='ltr'><strong>nullus</strong></span> <span class='ocrx_word' id='word_1_225' title='bbox 320 2935 439 2995; x_wconf 90' lang='lat' dir='ltr'><strong>omnino</strong></span> <span class='ocrx_word' id='word_1_226' title='bbox 466 2937 552 2995; x_wconf 90' lang='lat' dir='ltr'><strong>tutor</strong></span> <span class='ocrx_word' id='word_1_227' title='bbox 574 2935 627 3011; x_wconf 83' lang='lat' dir='ltr'><strong>slt,</strong></span> <span class='ocrx_word' id='word_1_228' title='bbox 655 2933 684 2993; x_wconf 91' lang='lat' dir='ltr'><strong>ei</strong></span> <span class='ocrx_word' id='word_1_229' title='bbox 706 2935 796 2992; x_wconf 86' lang='lat' dir='ltr'><strong>datur</strong></span> <span class='ocrx_word' id='word_1_230' title='bbox 819 2933 851 2991; x_wconf 89' lang='lat' dir='ltr'><strong>in</strong></span> <span class='ocrx_word' id='word_1_231' title='bbox 872 2932 947 2992; x_wconf 91' lang='lat' dir='ltr'><strong>urbe</strong></span> <span class='ocrx_word' id='word_1_232' title='bbox 970 2933 1065 2994; x_wconf 84' lang='lat' dir='ltr'><strong>Roma</strong></span> <span class='ocrx_word' id='word_1_233' title='bbox 1088 2952 1125 2993; x_wconf 85' lang='lat' dir='ltr'><strong>ex</strong></span> 
     </span>
     <span class='ocr_line' id='line_1_30' title="bbox 111 3022 1125 3101; baseline -0.003 -16"><span class='ocrx_word' id='word_1_234' title='bbox 111 3027 177 3101; x_wconf 82' lang='lat' dir='ltr'><strong>lege</strong></span> <span class='ocrx_word' id='word_1_235' title='bbox 196 3023 293 3084; x_wconf 85' lang='lat' dir='ltr'><strong>Atilia</strong></span> <span class='ocrx_word' id='word_1_236' title='bbox 316 3042 335 3083; x_wconf 83' lang='lat' dir='ltr'><strong>s.</strong></span> <span class='ocrx_word' id='word_1_237' title='bbox 356 3027 495 3100; x_wconf 84' lang='lat' dir='ltr'><strong>praetore</strong></span> <span class='ocrx_word' id='word_1_238' title='bbox 513 3023 629 3083; x_wconf 83' lang='lat' dir='ltr'><strong>urbnno</strong></span> <span class='ocrx_word' id='word_1_239' title='bbox 648 3026 680 3083; x_wconf 88' lang='lat' dir='ltr'><strong>et</strong></span> <span class='ocrx_word' id='word_1_240' title='bbox 696 3022 809 3082; x_wconf 86' lang='lat' dir='ltr'><strong>maiore</strong></span> <span class='ocrx_word' id='word_1_241' title='bbox 827 3025 915 3099; x_wconf 86' lang='lat' dir='ltr'><strong>parte</strong></span> <span class='ocrx_word' id='word_1_242' title='bbox 933 3022 1125 3082; x_wconf 90' lang='lat' dir='ltr'><strong>tribunorum</strong></span> 
     </span>
     <span class='ocr_line' id='line_1_31' title="bbox 112 3105 1124 3190; baseline -0.003 -17"><span class='ocrx_word' id='word_1_243' title='bbox 112 3113 220 3190; x_wconf 88' lang='lat' dir='ltr'><strong>plebis,</strong></span> <span class='ocrx_word' id='word_1_244' title='bbox 249 3112 302 3188; x_wconf 90' lang='lat' dir='ltr'><strong>qui</strong></span> <span class='ocrx_word' id='word_1_245' title='bbox 324 3111 482 3172; x_wconf 88' lang='lat' dir='ltr'><strong>-Atilianus</strong></span> <span class='ocrx_word' id='word_1_246' title='bbox 509 3115 593 3172; x_wconf 87' lang='lat' dir='ltr'><strong>tutor</strong></span> <span class='ocrx_word' id='word_1_247' title='bbox 619 3106 762 3173; x_wconf 84' lang='lat' dir='ltr'><strong>vocetur&#39;.</strong></span> <span class='ocrx_word' id='word_1_248' title='bbox 815 3113 877 3171; x_wconf 85' lang='grc'><strong>187</strong></span> <span class='ocrx_word' id='word_1_249' title='bbox 907 3105 957 3170; x_wconf 78' lang='lat' dir='ltr'><strong>‘ab</strong></span> <span class='ocrx_word' id='word_1_250' title='bbox 984 3111 1124 3171; x_wconf 87' lang='lat' dir='ltr'><strong>hostibus</strong></span> 
     </span>
     <span class='ocr_line' id='line_1_32' title="bbox 112 3195 1061 3280; baseline -0.002 -18"><span class='ocrx_word' id='word_1_251' title='bbox 112 3221 232 3280; x_wconf 88' lang='lat' dir='ltr'><strong>quoque</strong></span> <span class='ocrx_word' id='word_1_252' title='bbox 254 3203 356 3262; x_wconf 90' lang='lat' dir='ltr'><strong>tutore</strong></span> <span class='ocrx_word' id='word_1_253' title='bbox 379 3205 468 3278; x_wconf 84' lang='lat' dir='ltr'><strong>capto</strong></span> <span class='ocrx_word' id='word_1_254' title='bbox 492 3220 528 3260; x_wconf 84' lang='lat' dir='ltr'><strong>ex</strong></span> <span class='ocrx_word' id='word_1_255' title='bbox 550 3201 597 3261; x_wconf 92' lang='lat' dir='ltr'><strong>his</strong></span> <span class='ocrx_word' id='word_1_256' title='bbox 620 3201 738 3279; x_wconf 81' lang='lat' dir='ltr'><strong>legibus</strong></span> <span class='ocrx_word' id='word_1_257' title='bbox 761 3203 845 3260; x_wconf 91' lang='lat' dir='ltr'><strong>tutor</strong></span> <span class='ocrx_word' id='word_1_258' title='bbox 867 3201 930 3276; x_wconf 89' lang='lat' dir='ltr'><strong>peti</strong></span> <span class='ocrx_word' id='word_1_259' title='bbox 953 3195 1061 3260; x_wconf 90' lang='lat' dir='ltr'><strong>debet&#39;.</strong></span> 
     </span>
    </p>
   </div>
   <div class='ocr_carea' id='block_1_6' title="bbox 110 3309 1125 3657">
    <p class='ocr_par' dir='ltr' id='par_1_6' title="bbox 110 3309 1125 3657">
     <span class='ocr_line' id='line_1_33' title="bbox 201 3309 1122 3394; baseline -0.003 -17"><span class='ocrx_word' id='word_1_260' title='bbox 201 3313 230 3377; x_wconf 92' lang='lat'><strong>1.</strong></span> <span class='ocrx_word' id='word_1_261' title='bbox 254 3310 369 3394; x_wconf 79' lang='lat' dir='ltr'><strong>Gaii,</strong></span> <span class='ocrx_word' id='word_1_262' title='bbox 385 3312 457 3377; x_wconf 90' lang='lat'><strong>188.</strong></span> <span class='ocrx_word' id='word_1_263' title='bbox 474 3346 511 3358; x_wconf 88' lang='lat'><em>-</em></span> <span class='ocrx_word' id='word_1_264' title='bbox 530 3333 569 3375; x_wconf 87' lang='lat' dir='ltr'><strong>ex</strong></span> <span class='ocrx_word' id='word_1_265' title='bbox 587 3311 638 3374; x_wconf 91' lang='lat' dir='ltr'><strong>his</strong></span> <span class='ocrx_word' id='word_1_266' title='bbox 657 3313 802 3394; x_wconf 76' lang='lat' dir='ltr'><strong>apparet,</strong></span> <span class='ocrx_word' id='word_1_267' title='bbox 819 3313 899 3394; x_wconf 89' lang='lat' dir='ltr'><strong>quot</strong></span> <span class='ocrx_word' id='word_1_268' title='bbox 917 3309 983 3374; x_wconf 90' lang='lat' dir='ltr'><strong>sint</strong></span> <span class='ocrx_word' id='word_1_269' title='bbox 998 3311 1122 3393; x_wconf 85' lang='lat' dir='ltr'><strong>species</strong></span> 
     </span>
     <span class='ocr_line' id='line_1_34' title="bbox 110 3398 1123 3484; baseline -0.005 -18"><span class='ocrx_word' id='word_1_270' title='bbox 110 3401 294 3466; x_wconf 86' lang='lat' dir='ltr'><strong>tutelarum.</strong></span> <span class='ocrx_word' id='word_1_271' title='bbox 345 3401 373 3464; x_wconf 90' lang='lat' dir='ltr'><strong>si</strong></span> <span class='ocrx_word' id='word_1_272' title='bbox 400 3421 476 3465; x_wconf 84' lang='lat' dir='ltr'><strong>vero</strong></span> <span class='ocrx_word' id='word_1_273' title='bbox 505 3421 712 3484; x_wconf 83' lang='lat' dir='ltr'><strong>quaeramus,</strong></span> <span class='ocrx_word' id='word_1_274' title='bbox 745 3399 780 3462; x_wconf 92' lang='lat' dir='ltr'><strong>in</strong></span> <span class='ocrx_word' id='word_1_275' title='bbox 808 3403 887 3482; x_wconf 89' lang='lat' dir='ltr'><strong>quot</strong></span> <span class='ocrx_word' id='word_1_276' title='bbox 915 3419 1033 3482; x_wconf 84' lang='lat' dir='ltr'><strong>genera</strong></span> <span class='ocrx_word' id='word_1_277' title='bbox 1060 3398 1123 3462; x_wconf 90' lang='lat' dir='ltr'><strong>hae</strong></span> 
     </span>
     <span class='ocr_line' id='line_1_35' title="bbox 113 3485 1123 3576; baseline -0.005 -21"><span class='ocrx_word' id='word_1_278' title='bbox 113 3490 232 3576; x_wconf 83' lang='lat' dir='ltr'><strong>species</strong></span> <span class='ocrx_word' id='word_1_279' title='bbox 254 3487 453 3572; x_wconf 80' lang='lat' dir='ltr'><strong>diducuntur,</strong></span> <span class='ocrx_word' id='word_1_280' title='bbox 475 3491 574 3574; x_wconf 86' lang='lat' dir='ltr'><strong>longa</strong></span> <span class='ocrx_word' id='word_1_281' title='bbox 593 3488 655 3552; x_wconf 88' lang='lat' dir='ltr'><strong>erit</strong></span> <span class='ocrx_word' id='word_1_282' title='bbox 672 3487 859 3571; x_wconf 88' lang='lat' dir='ltr'><strong>disputatio,</strong></span> <span class='ocrx_word' id='word_1_283' title='bbox 877 3508 952 3550; x_wconf 89' lang='lat' dir='ltr'><strong>nam</strong></span> <span class='ocrx_word' id='word_1_284' title='bbox 971 3485 1010 3550; x_wconf 91' lang='lat' dir='ltr'><strong>de</strong></span> <span class='ocrx_word' id='word_1_285' title='bbox 1030 3508 1068 3550; x_wconf 84' lang='lat' dir='ltr'><strong>ea</strong></span> <span class='ocrx_word' id='word_1_286' title='bbox 1087 3508 1123 3550; x_wconf 88' lang='lat' dir='ltr'><strong>re</strong></span> 
     </span>
     <span class='ocr_line' id='line_1_36' title="bbox 111 3573 1125 3657; baseline -0.005 -14"><span class='ocrx_word' id='word_1_287' title='bbox 111 3579 203 3646; x_wconf 80' lang='lat' dir='ltr'><strong>valde</strong></span> <span class='ocrx_word' id='word_1_288' title='bbox 230 3581 354 3642; x_wconf 86' lang='lat' dir='ltr'><strong>veteres</strong></span> <span class='ocrx_word' id='word_1_289' title='bbox 384 3577 610 3642; x_wconf 82' lang='lat' dir='ltr'><strong>dubitaverunt</strong></span> <span class='ocrx_word' id='word_1_290' title='bbox 725 3576 787 3640; x_wconf 91' lang='lat' dir='ltr'><strong>hoc</strong></span> <span class='ocrx_word' id='word_1_291' title='bbox 815 3575 975 3657; x_wconf 91' lang='lat' dir='ltr'><strong>tantisper</strong></span> <span class='ocrx_word' id='word_1_292' title='bbox 1003 3573 1125 3638; x_wconf 88' lang='lat' dir='ltr'><strong>sufficit</strong></span> 
     </span>
    </p>
   </div>
   <div class='ocr_carea' id='block_1_7' title="bbox 0 0 1309 3908">
    <p class='ocr_par' dir='ltr' id='par_1_7' title="bbox 0 0 1309 3908">
     <span class='ocr_line' id='line_1_37' title="bbox 0 0 1309 3908; baseline 0 0"><span class='ocrx_word' id='word_1_293' title='bbox 0 0 1309 3908; x_wconf 95' lang='lat' dir='ltr'><strong> </strong></span> 
     </span>
    </p>
   </div>
  </div>
 </body>
</html>
