2614 3914
184 207 248 270 376
280 205 352 262 VIII.
368 205 502 262 OCTAVI
516 205 613 262 SAEC.
624 205 722 261 mals
737 203 1043 264 consecretales
1058 206 1202 261 TERTIA

185 377 322 453 scriptae.
360 377 497 454 Krueger
514 396 543 452 p.
559 376 600 434 67
619 394 648 433 n.
665 377 714 434 71.
750 373 802 433 sed
821 375 895 434 bene
915 375 1065 434 dictorum
1083 375 1202 434 librum

183 467 304 544 regulas
337 465 484 542 quasdam
520 467 551 524 et
587 463 775 522 definitiones
811 463 944 524 breviter
978 466 1010 522 et
1042 463 1204 522 commode

184 554 280 614 dictas
312 553 501 630 proposuisse
532 553 613 611 haud
641 551 827 626 crediderim,
862 571 930 612 oum
957 552 1067 610 titulus
1096 553 1201 628 potius

183 645 297 703 urbane
326 643 405 702 dicta
432 634 623 722 (‘bonmots')
652 639 808 718 significet.
856 645 989 701 ceterum
1013 640 1203 716 Pomponius

183 751 331 808 nusquam
364 731 475 791 diserte
506 731 599 790 libros
630 730 736 788 laudat
766 729 827 788 nisi
858 729 897 789 ad
925 729 973 788 ius
1001 731 1199 806 pertinentes.

185 823 222 881 of.
247 819 288 898 §5
308 824 337 880 2.
363 825 390 880 7.
415 822 467 880 36.
490 822 541 880 38.
566 820 616 878 39.
640 821 692 877 42.
715 820 767 879 43.
791 821 842 878 44.
866 820 917 878 46.
942 820 993 879 47.

396 1210 436 1292 5.
474 1214 511 1288 C.
541 1213 809 1286 TREBATIUS
839 1214 992 1288 TECTA

276 1378 389 1454 Veliae,
407 1380 443 1436 ut
461 1376 588 1450 videtur,
607 1380 706 1452 natus,
725 1377 758 1446 Q.
778 1375 910 1436 Cornelii
927 1377 1050 1436 Maximi
1070 1377 1202 1454 auditor,
1287 1437 1289 1448 ,

187 1469 327 1528 tribunus
350 1467 489 1545 militurn,
514 1485 539 1525 4.
560 1460 677 1546 700154
701 1466 779 1525 14114
799 1464 920 1525 Caesari
943 1466 974 1524 in
999 1464 1100 1525 Callia
1124 1485 1201 1526 conr·
1287 1459 1290 1522 ἶ

188 1557 319 1616 moranti
343 1577 360 1614 4
383 1554 524 1614 Cicerone
548 1555 780 1614 commendatus.

277 1645 424 1722 Litteras,
453 1642 527 1721 qu'as
550 1641 654 1704 Cicero
680 1644 729 1703 441
752 1643 789 1701 ad
813 1641 970 1702 Caesarem
994 1643 1029 1702 de
1058 1643 1201 1702 Trebatio

189 1736 239 1795 441
267 1734 305 1793 ad
332 1734 432 1810 ipsum
455 1732 629 1792 Trebatium
653 1751 678 1792 a.
700 1725 837 1811 700154,
869 1726 992 1810 701153
1018 1733 1049 1790 41
1073 1727 1200 1808 710144

189 1823 321 1899 scripsit,
350 1825 406 1882 hoc
433 1823 499 1881 loco
526 1822 575 1880 441
602 1824 682 1880 14144
709 1822 758 1881 441
784 1821 896 1897 partim
921 1825 1055 1896 repetere
1079 1839 1141 1880 non
1164 1822 1200 1879 ab

188 1931 222 1970 re
251 1931 314 1971 esse
342 1912 471 1972 videtur.
520 1910 665 1985 temporis
692 1911 839 1968 rationem
867 1913 985 1968 secutus
1014 1928 1081 1968 sum
1110 1929 1201 1986 qnam

191 1999 223 2060 O.
244 1999 274 2060 C.
295 1999 431 2060 Schmidt
458 1999 489 2057 in
516 1998 550 2058 L.
568 1998 801 2058 Mendelssohnii
828 1998 956 2058 editione
982 1991 1077 2078 (Lips.
1100 1991 1201 2079 1893)

188 2110 216 2164 p.
237 2091 374 2166 440444.
397 2085 560 2164 proposuit.

606 2228 632 2269 a.
653 2205 782 2288 roosar:

281 2323 309 2386 1.
342 2319 453 2386 Cicero
477 2318 608 2386 Caesari
630 2319 708 2403 imp.
732 2343 756 2384 4.
780 2321 808 2385 (1.
826 2356 864 2368 -
886 2321 968 2386 Vide
996 2342 1093 2405 quam
1121 2321 1202 2386 mihi

191 2410 414 2495 persuaserim¹
425 2413 458 2474 te
477 2431 528 2474 ma
547 2430 618 2474 esse
637 2410 774 2473 alterum
793 2431 858 2475 non
877 2410 972 2474 modo
988 2409 1021 2474 14
1036 2409 1082 2474 414
1097 2411 1204 2494 rebus,

192 2521 273 2584 quae
301 2499 342 2563 ad
369 2521 420 2563 me
448 2498 567 2582 ipsum,
596 2498 651 2562 sed
675 2499 774 2562 etiam
798 2499 915 2582 ineis,
943 2520 1024 2582 quae
1048 2498 1088 2562 ad
1112 2521 1202 2564 meos

190 2588 365 2673 pertinent.
397 2587 431 2653 C.
446 2587 634 2653 Trebatium
649 2589 836 2672 cogitaram,
855 2609 1055 2671 quocumque
1070 2589 1203 2672 exirem,

192 2700 316 2742 mecum
344 2677 472 2759 ducere,
500 2681 537 2740 41
561 2699 632 2742 eum
656 2677 735 2741 meis
760 2676 908 2742 omuibus
932 2677 1062 2759 studiis,
1086 2677 1204 2741 benefi-

192 2766 250 2830 ciis
271 2788 367 2849 quarn
387 2766 629 2829 ornatissimum
653 2765 784 2829 domum
807 2765 998 2830 reducerem.
1036 2764 1092 2829 sed
1115 2770 1203 2848 post-

192 2876 328 2937 eaquam
353 2857 385 2917 41
407 2853 555 2936 Pompeii
574 2855 783 2918 commoratio
806 2853 987 2918 diuturnior
1010 2859 1079 2918 erat
1105 2875 1203 2936 quam

193 2947 357 3025 putaram,
386 2945 419 3005 41
448 2963 520 3005 mea
548 2942 704 3024 quaedam
731 2941 791 3006 tibi
816 2964 883 3007 444
905 2944 1017 3026 ignota
1041 2942 1204 3008 dubitatio

193 3033 250 3094 aut
277 3028 433 3113 impedire
462 3029 694 3113 profectionem
718 3051 822 3094 meam
845 3031 1015 3095 videbatur
1038 3035 1095 3095 aut
1118 3037 1205 3096 certe

192 3117 333 3200 tardare,
366 3116 439 3183 vide
470 3117 546 3202 quid
578 3118 658 3182 mihi
691 3121 897 3202 sumpserim:
929 3119 1020 3202 coepi
1052 3119 1135 3184 44114
1166 3143 1205 3185 44

192 3208 381 3273 Trebatium
405 3211 591 3292 exspectare
615 3229 634 3271 a
656 3211 698 3291 te,
722 3228 803 3290 quae
828 3213 990 3292 sperasset
1015 3231 1035 3273 a
1057 3230 1122 3293 me,
1150 3231 1205 3274 ne·

194 3319 255 3382 que
279 3297 459 3362 mehercule
483 3297 589 3361 minus
614 3295 643 3359 ei
665 3296 789 3380 prolixe
813 3296 851 3361 de
869 3301 927 3362 tua
945 3297 1114 3362 voluntate
1133 3320 1205 3381 pro-

195 3386 281 3470 misi,
302 3408 398 3470 quam
421 3407 510 3450 eram
535 3386 650 3450 solitus
674 3387 712 3450 de
734 3407 806 3450 mea
826 3387 978 3470 polliceri.
1016 3407 1108 3451 casus
1127 3408 1204 3452 4444

196 3475 351 3541 mirificus
382 3476 512 3560 quidam
535 3474 711 3540 intervenit
735 3477 827 3559 quasi
850 3475 901 3540 441
924 3474 1019 3539 144114
1043 3476 1204 3559 opinionis

195 3585 286 3628 meae
319 3565 370 3630 441
404 3587 542 3650 sponsor
570 3563 784 3630 humanitatis
812 3569 896 3629 tuae.
950 3585 1025 3628 uam
1058 3586 1131 3629 eum
1166 3565 1206 3630 de
