2600 3908
339 221 363 270 8.
390 214 542 269 SERVIUS
562 214 747 270 SULPICIUS
767 215 884 270 RUFUS
1056 216 1117 278 151

197 383 295 444 Servii
327 383 540 444 auctoritatem
567 401 626 441 non
653 382 740 442 modo
772 383 852 459 apud
880 384 1035 460 aequales,
1068 384 1120 444 sed

113 474 200 533 etism
223 474 304 550 apud
326 477 462 548 posteros
481 472 620 530 eximiam
638 471 731 530 fuisse
750 472 838 530 facile
858 474 990 548 apparet
1028 471 1120 531 sPe·

112 563 207 622 tronio
231 556 272 639 (a.
294 563 334 621 66
358 582 386 637 p.
403 560 470 620 Chr.
494 552 629 642 mortuo)
653 579 720 620 cum
744 559 880 619 Labeone
903 561 948 618 ita
969 560 1120 638 laudatur,

111 655 144 710 ut
165 657 330 727 utrumque
353 650 519 726 principem
541 649 616 712 iuris
640 649 810 708 consultum
828 649 933 708 haberi
951 650 1119 708 videamus:

112 743 162 800 sat.
185 742 264 816 137,
289 742 307 798 7
341 732 431 798 ‘iuris
459 739 614 798 consultus
642 740 762 814 speres,
789 757 849 798 non
875 739 982 814 paret<
1009 739 1120 798 habeto

112 832 200 906 atque
234 831 298 886 esto
327 828 473 905 quidquid
503 827 624 887 Servius
653 831 684 886 et
712 820 832 886 Labeo'.
887 827 947 886 iam
974 826 1120 888 Proculus

111 919 142 976 D.
158 920 211 991 41,
229 920 257 994 1,
274 919 313 976 26
325 936 368 993 pr.
392 915 512 994 indicat,
535 917 591 975 hoc
614 916 678 974 iure
702 917 780 975 cives
804 915 836 974 iu
859 915 988 993 quadam
1010 935 1043 974 re
1065 917 1120 992 uti,

111 1007 187 1084 quod
205 1004 310 1065 Servio
329 1005 490 1081 placuerit3
512 1004 554 1063 Pii
570 1009 704 1080 tempore
718 1004 878 1064 Africanus
892 1005 1068 1081 D.19,2,35
1076 1025 1121 1081 pr.

110 1094 334 1155 distinctionem
357 1093 508 1171 quandam.
530 1113 549 1152 a
571 1093 675 1153 Servio
701 1093 904 1154 introductam
926 1093 964 1152 ab
983 1095 1120 1154 omnibus

108 1184 169 1244 fere
195 1184 356 1260 probatam
378 1201 455 1258 esse,
483 1181 576 1242 Gaius
599 1181 654 1259 III,
676 1184 737 1242 149
763 1181 859 1242 Servii
882 1183 1060 1242 sententiam
1083 1183 1119 1242 de

110 1273 264 1332 societatis
283 1276 392 1330 natura
415 1276 519 1331 contra
538 1271 571 1341 Q.
585 1271 685 1348 Mucii,
709 1270 853 1331 Scaevola
870 1271 906 1331 D.
923 1273 974 1347 21,
990 1275 1019 1348 2,
1034 1274 1084 1350 69,
1100 1275 1118 1332 3

109 1361 242 1421 eiusdem
272 1360 368 1421 Servii
400 1361 611 1420 auctoritatem
642 1360 674 1418 in
702 1360 877 1436 quaestione
904 1361 941 1420 de
969 1361 1120 1436 emptione

108 1450 291 1526 venditione,
309 1449 457 1526 Ulpianus
474 1449 601 1526 deniqne
618 1448 655 1509 D.
666 1450 695 1524 8,
706 1450 735 1526 5,
746 1451 805 1522 6,2
825 1447 923 1508 Servii
942 1450 1120 1509 sententiam

108 1540 140 1598 in
163 1538 340 1616 quaestione
364 1539 400 1598 de
424 1539 569 1598 servitute
593 1537 795 1612 praevaluisse
818 1537 950 1596 tradunt.

199 1627 298 1687 Servii
330 1627 486 1686 sententiis
519 1627 611 1686 etiam
648 1625 685 1684 ad
718 1625 829 1685 similes
862 1644 910 1684 res
943 1626 1120 1686 decidendas

107 1717 290 1793 posteriores
322 1736 376 1792 pro
408 1719 583 1792 argumento
615 1733 685 1775 usos
720 1732 784 1774 esse
815 1713 957 1791 legimus3
990 1733 1060 1774 nam
1089 1713 1121 1774 et

107 1806 269 1865 Africanus
288 1805 325 1864 D.
342 1807 391 1882 19,
407 1808 435 1876 2,
452 1807 491 1865 35
503 1825 547 1880 pr.
567 1804 788 1864 distinctionem
805 1821 916 1862 novam
931 1804 986 1862 hac
1003 1804 1120 1864 ratione

108 1894 306 1967 commendat,
330 1894 409 1970 quod
433 1888 585 1953 ‘convenit
607 1894 661 1970 illi,
685 1911 760 1971 qnae
784 1911 803 1952 a
822 1891 924 1951 Servio
948 1891 1120 1965 introductu

108 1987 140 2043 et
159 1984 197 2042 ab
218 1982 354 2042 omnibus
373 1987 435 2041 fere
453 1983 581 2059 probata
596 1975 663 2056 est',
682 1984 713 2042 et
725 1981 909 2058 Papinianus
925 1981 960 2039 D.
976 1982 1026 2060 28,
1038 1983 1066 2058 7,
1078 1983 1118 2041 28

108 2072 228 2132 scribit:
266 2065 514 2150 ‘argumentoque
542 2076 588 2130 est
620 2071 700 2148 quod
728 2071 808 2146 apud
836 2068 975 2131 Servium
1003 2089 1119 2148 quoque
1179 2089 1183 2103 ‘

107 2161 238 2220 relatum
262 2163 308 2220 est
331 2205 359 2221 ..
384 2161 419 2219 de
443 2179 503 2237 quo
526 2159 680 2236 respondit
703 2159 825 2220 Servius
850 2153 913 2218 ...’

80 2283 85 2291 ·
199 2251 241 2308 At
259 2267 319 2308 uon
337 2267 438 2309 omnes
453 2249 550 2308 Servii
569 2249 732 2308 sententias
750 2252 887 2325 receptas
906 2267 972 2307 esee
993 2252 1119 2308 constat.

108 2338 190 2414 apud
213 2338 412 2414 Pomponium
436 2337 471 2396 D.
486 2339 538 2414 47,
554 2340 582 2413 2,
608 2341 690 2409 77,1
716 2338 857 2414 legimus:
881 2332 967 2396 ‘haec
991 2336 1120 2408 Quintus

108 2427 227 2486 Mucius
251 2427 343 2485 refert
366 2429 397 2486 et
419 2445 491 2486 vera
514 2431 586 2486 sunt
604 2473 629 2485 ..
648 2445 703 2484 nec
720 2427 836 2485 utimur
855 2427 951 2486 Servii
971 2427 1121 2486 sententia

108 2516 163 2593 qui
185 2515 314 2591 putabat
333 2508 379 2591 ..',
406 2515 479 2575 item
503 2514 584 2591 apud
603 2513 711 2574 661666
730 2515 784 2585 ΙΠ,
806 2515 881 2574 166ι
912 2509 1047 2575 ‘Seruius
1070 2533 1121 2575 ne·

107 2605 202 2682 gavit,
223 2649 248 2662 ..
266 2605 318 2663 sed
336 2604 487 2680 sequimur
504 2602 608 2662 Sabini
627 2603 795 2678 opinionem
814 2605 918 2661 contra
937 2596 1120 2678 sentientis';

110 2696 173 2754 179
194 2688 333 2776 '‘Servius
353 2691 506 2768 Sulpicius
529 2690 714 2750 existimavit
732 2736 760 2748 ..
780 2690 832 2765 qui
855 2693 1072 2767 consequenter
1090 2697 1121 2750 et

107 2782 185 2841 illud
212 2781 368 2857 respondit
397 2823 470 2858 ...,
503 2775 605 2858 (aad)
637 2779 669 2836 in
701 2781 830 2854 utroque
862 2795 935 2837 casu
967 2779 1026 2838 elio
1054 2781 1120 2840 iure

107 2863 242 2930 utimur’.

198 2960 319 3019 Falsum
343 2959 441 3018 Servii
466 2957 646 3018 senteutiam
672 2956 785 3016 iudicat
809 2955 912 3016 Celsus
937 2948 986 3036 (D.
1007 2959 1057 3029 30,
1079 2960 1119 3018 63

107 3044 243 3108 ‘Servius
267 3093 296 3106 ..
319 3051 411 3124 negat
435 3091 476 3124 ..,
505 3048 585 3124 quod
613 3047 722 3106 falsum
750 3039 872 3125 puto');
905 3045 1016 3105 Paulus
1044 3047 1120 3105 iuris

108 3137 240 3198 consulti
273 3135 444 3213 cuiusdam,
476 3137 528 3213 qui
560 3135 642 3195 aliud
670 3139 760 3212 atque
789 3135 912 3195 Servius
944 3153 1121 3210 responsum

108 3227 241 3302 dederat,
267 3225 364 3286 verius
387 3243 564 3301 responsum
583 3243 646 3284 esse
666 3225 780 3284 iudicat
798 3219 848 3301 (D.
870 3226 920 3298 33,
936 3226 964 3298 7,
987 3225 1070 3299 16,1
1092 3269 1121 3282 ..

108 3311 243 3377 ‘Servius
262 3313 426 3389 respondit.
458 3315 509 3390 qni
528 3333 597 3373 eum
611 3313 795 3390 consulebat,
814 3311 986 3372 Cornelium
998 3330 1120 3386 respon-

108 3406 187 3465 disse
221 3403 322 3463 siebat
439 3401 519 3478 quod
550 3403 650 3463 verius
683 3396 775 3479 est');
812 3400 960 3476 Ulpianus
993 3400 1121 3477 denique

109 3488 318 3571 ‘nequaquam
347 3484 545 3567 opinandum'
579 3509 644 3550 esse
674 3489 791 3565 scribit,
824 3490 902 3565 quod
933 3488 1054 3547 Servius
1083 3488 1119 3548 de

107 3583 307 3659 possessionis
331 3580 539 3639 aestimatione
563 3581 638 3639 dixit
662 3572 712 3656 (D.
733 3580 784 3654 43,
806 3579 855 3654 17,
876 3579 904 3652 3,
926 3579 988 3654 ll).
