2602 3912
173 197 215 261 32
259 196 305 252 ΠΙ.
330 196 476 252 SEPTIMI
495 197 593 254 SAEO.
611 198 708 254 IURIS
728 199 1047 258 consuluerimus
1067 199 1186 254 PRIMA

174 366 212 426 ad
244 370 381 426 auctores
414 367 581 443 confugisse
615 371 645 427 et
676 368 707 427 id
737 369 817 446 quod
843 369 907 444 ipse
935 368 1059 440 diceret,
1093 371 1124 427 et
1152 368 1185 428 in

174 453 206 514 P.
225 455 315 514 Mucii
342 455 444 514 fratris
474 456 521 514 eui
549 456 635 516 libris
664 457 748 516 etin
771 457 837 516 Sex.
859 457 938 516 Aelii
961 457 1185 517 commentariis

174 545 318 620 scriptum
341 543 502 619 protulisse
522 537 564 605 ..'

261 635 356 693 Nulla
379 636 498 692 exstant
520 653 670 710 responsa.

600 808 757 818 ---.——

366 927 435 1010 10.
472 934 510 1006 Ρ.
539 933 714 1008 MUOIUS
744 933 990 1007 SGAEVOLA

218 1081 340 1154 praetor
360 1072 513 1158 618s136,
536 1097 594 1138 cos.
616 1073 769 1157 621J133,
791 1082 872 1155 pont.
897 1097 973 1138 max.
989 1071 1138 1138 623l131.

263 1201 446 1277 Pomponius
474 1201 494 1277 ἓ
514 1205 554 1262 39
585 1198 669 1279 ‘post
695 1204 749 1264 hos
773 1204 896 1262 fuerunt
918 1203 1042 1262 Publius
1066 1201 1188 1261 Mucius

175 1293 206 1348 et
224 1289 338 1350 Brutus
363 1295 393 1350 et
410 1292 560 1368 Manilius,
585 1293 636 1368 qui
658 1283 860 1353 fundaverunt
882 1293 929 1350 ins
949 1291 1044 1351 civile.
1081 1309 1117 1349 ex
1137 1290 1188 1350 his
1288 1287 1290 1366 ]

174 1379 301 1438 Publius
325 1380 441 1439 Mucius
466 1381 557 1439 etiam
581 1382 680 1441 decem
704 1382 822 1440 libellos
845 1374 993 1457 reliquit'.

263 1467 380 1528 Mucius
403 1470 575 1545 pontificem
597 1470 708 1530 bonum
730 1470 879 1530 neminem
902 1487 965 1528 esse
989 1468 1085 1526 dicere
1108 1468 1187 1527 sole·

174 1557 227 1616 bat
249 1557 308 1616 nisi
331 1559 382 1634 qui
402 1560 449 1618 ius
469 1559 555 1619 civile
573 1563 675 1619 nosset
694 1551 767 1641 (Oic.
787 1560 823 1617 de
842 1559 899 1634 leg.
920 1560 948 1634 2,
963 1549 1030 1638 47),
1053 1557 1084 1616 id
1104 1556 1187 1632 quod

174 1646 326 1724 negabant
349 1647 413 1708 alii:
442 1643 484 1707 ‘si
506 1666 560 1709 vos
584 1641 773 1728 (Scaevolae)
797 1647 1005 1706 tantummodo
1028 1645 1187 1721 pontifices

175 1735 293 1812 essetis,
327 1737 504 1811 pontificalis
531 1740 665 1796 maneret
693 1737 869 1812 auctoritas3
902 1735 954 1794 sed
986 1735 1066 1810 quod
1092 1734 1185 1792 iidem

174 1823 248 1883 iuris
276 1825 373 1884 civilis
400 1826 471 1885 estis
499 1826 685 1902 peritissimi,
713 1826 769 1884 hac
797 1825 921 1883 scientia
943 1823 1027 1882 illam
1050 1817 1187 1882 eluditis'

176 1911 234 1972 Gic.
259 1915 294 1971 de
317 1913 374 1991 leg.
396 1917 424 1987 2,
443 1917 492 1974 52.
534 1908 694 1989 ‘Scipionis
717 1913 843 1972 Nasicae
867 1913 915 1972 vel
938 1914 1010 1971 haec
1033 1912 1125 1971 verba
1149 1911 1187 1970 de

175 2001 207 2060 P.
227 2002 324 2060 Mucio
348 2005 500 2062 feruntur:
528 2004 663 2078 aconem,
690 2003 761 2060 dum
783 2002 858 2060 iuris
882 2001 1016 2060 ordinem
1040 2000 1187 2076 sequitur,

175 2089 207 2148 id
238 2090 315 2168 agit,
348 2095 383 2149 ut
415 2111 481 2150 cum
514 2091 651 2150 omnibus
683 2091 800 2169 legibus
829 2091 994 2149 Romanum
1024 2089 1187 2165 imperium

175 2171 335 2238 corruat«)
371 2178 437 2239 Val.
456 2180 532 2240 Max.
549 2182 577 2259 3,
593 2183 621 2256 2,
638 2183 687 2238 17.

585 2358 776 2434 Responsa.

264 2473 333 2532 Non
362 2491 458 2550 pauca
487 2473 523 2532 de
555 2474 619 2533 iure
653 2491 750 2547 sacro,
780 2473 815 2532 de
843 2473 908 2530 iure
936 2471 1020 2550 belli,
1054 2470 1089 2530 de
1120 2471 1188 2532 iure

176 2561 263 2640 dotis,
288 2565 323 2620 de
343 2563 505 2634 stillicidio,
525 2562 660 2622 desorto
680 2564 806 2622 exstant.
848 2580 924 2638 quae
943 2561 982 2619 ad
999 2561 1047 2619 ius
1068 2578 1189 2619 sacrum

175 2653 339 2730 pertinent,
362 2652 566 2728 praetermisit
589 2652 689 2711 Lenel.

268 2764 294 2826 1.
319 2761 358 2827 D.
377 2763 429 2848 24,
443 2765 472 2844 3,
487 2763 529 2828 66
541 2786 588 2846 pr.
618 2760 787 2826 Iavolenus
806 2761 889 2825 libro
910 2764 1001 2824 sexto
1021 2773 1059 2822 ex
1078 2765 1188 2844 poste·

176 2849 314 2914 rioribus
329 2849 489 2916 Labeonis
501 2849 552 2938 (P.
562 2847 651 2938 227).
665 2887 710 2896 -
724 2849 762 2913 In
777 2850 828 2913 his
843 2849 949 2931 rebus,
964 2870 1044 2932 quas
1059 2852 1189 2931 praeter

176 2943 379 3003 numeratam
402 2943 571 3024 pecuniam
596 2940 665 3003 doti
685 2940 733 3002 vir
751 2939 860 3020 habet,
883 2937 993 3001 dolum
1012 2937 1134 3002 malurn
1154 2941 1188 3004 et
1289 2987 1290 3010 ,

177 3027 303 3110 culpam
332 3049 404 3092 eum
431 3033 597 3112 praestare
626 3031 775 3110 oportere
800 3026 928 3092 Servius
953 3027 1008 3091 ait.
1053 3047 1091 3090 ea
1114 3047 1186 3091 sen·
1289 3079 1290 3082 η

176 3115 281 3178 tentia
310 3115 417 3180 Publii
444 3116 542 3181 Mucii
575 3121 637 3202 est,
668 3139 746 3180 nam
778 3116 806 3180 is
833 3115 868 3178 in
896 3113 1020 3179 Licinia
1048 3114 1188 3180 Gracchi

177 3225 276 3268 uxore
305 3205 432 3284 statuit,
462 3205 547 3290 quod
575 3227 626 3269 res
655 3205 779 3270 dotales
802 3203 838 3268 in
861 3226 898 3268 ea
921 3204 1093 3286 seditione,
1122 3226 1188 3288 qua

177 3290 340 3358 Gracchus
368 3294 492 3359 occisus
521 3297 604 3378 erat,
636 3295 796 3379 perissent
825 3292 897 3374 [ait]
905 3343 913 3376 ,
946 3293 1022 3376 quia
1050 3291 1189 3358 Gracchi

177 3382 272 3467 culpa
292 3405 329 3447 ea
348 3383 463 3449 seditio
482 3384 570 3448 facta
584 3387 679 3463 esset,
698 3383 838 3448 Liciniae
853 3382 1012 3466 praestari
1027 3385 1188 3465 oportere.

265 3473 296 3538 2.
323 3470 436 3538 Gicero
459 3477 525 3558 top.
544 3474 576 3559 4,
589 3473 640 3539 24.
662 3510 699 3518 —
796 3476 833 3536 ut
857 3472 884 3536 si
908 3471 954 3534 ita
976 3471 1189 3554 respondeas:

178 3563 330 3644 quoniam
358 3561 392 3626 P.
416 3563 571 3630 Scaevola
599 3562 633 3627 id
661 3563 765 3628 solum
793 3583 863 3626 esse
892 3559 1031 3624 ambitus
1059 3558 1189 3628 aedium
