2614 3914
459 225 484 274 1.
508 218 625 274 AULUS
645 219 785 274 OPILIUS
1061 221 1124 284 351

18 431 19 436 .
118 385 194 470 quid
218 383 391 468 leguminis
413 382 448 446 in
469 382 550 447 00110
569 382 722 466 penuaria
740 382 863 466 habuit,
885 383 998 465 penori
1015 384 1125 468 legato

18 475 19 508 ³
118 472 351 555 continebitur,
383 470 438 535 sed
469 475 502 535 et
530 470 686 536 hordeum
719 472 786 535 sive
814 471 956 535 familiae
987 471 1053 537 sive
1081 472 1126 536 iu·

117 567 299 627 mentorum
327 561 447 646 gratia,
475 563 508 623 et
530 558 619 643 <110>
643 559 759 624 Ofilius
787 559 900 624 scribit
927 559 1010 624 libro
1034 564 1125 625 sexto

18 721 19 726 ,
118 651 241 716 decimo
266 651 438 715 actionum.

206 761 242 822 01.
266 761 338 820 ibid.
360 764 414 819 11:
440 779 494 819 000
518 759 661 818 frumenti
683 778 737 818 000
760 759 946 836 leguminum
968 761 1073 820 thecae
1096 804 1125 820 ..

117 853 165 912 vel
189 851 215 910 01
239 869 299 926 qua
322 849 382 908 alia
406 851 483 925 0001,
507 867 584 926 quae
607 849 707 908 horrei
729 848 864 923 penuarii
886 849 936 908 vel
960 849 1052 908 cellae
1075 869 1126 925 pe-

18 921 20 936 ¹
108 935 241 1000 Ι0001100
268 939 460 998 instruendae
488 937 588 1015 gratia
614 937 775 1016 habentur,
801 955 861 996 000
888 937 1125 998 continebuntur.

17 1035 18 1120 J
117 1029 202 1088 Paul.
218 1027 245 1088 S.
261 1028 296 1088 11.
310 1027 365 1104 ΙΙΙ,
382 1029 410 1103 6,
426 1028 481 1086 78:
500 1026 652 1104 Frugibus
671 1026 779 1104 legatis
794 1028 856 1084 tam
870 1026 1022 1102 legumina
1036 1045 1126 1102 quam

17 1121 18 1172 i
116 1117 262 1178 hordeum
286 1162 313 1176 ..
339 1115 537 1175 continentur.

207 1228 236 1291 2.
268 1225 307 1292 D.
330 1225 407 1290 ibid.
430 1227 498 1306 39.
544 1224 635 1288 Idem
663 1229 695 1288 et
722 1228 775 1288 tus
799 1227 832 1288 et
854 1246 944 1290 ceras
968 1224 1126 1290 contineri

117 1319 317 1401 negaverunt
340 1312 399 1399 (sc.
423 1314 561 1390 Quintus
584 1311 710 1378 Mucius
734 1319 766 1376 et
789 1311 928 1399 Ofilius).
973 1313 975 1320 ⁴

206 1419 243 1478 cf.
266 1435 358 1493 supra
380 1437 408 1493 p.
433 1418 484 1476 75.

207 1521 237 1584 3.
260 1517 301 1584 D.
317 1517 393 1585 ibid.
406 1521 426 1599 ξ
440 1518 470 1583 5.
493 1517 609 1581 Ρο0011
624 1521 750 1580 acetum
765 1538 891 1600 quoque
906 1518 1015 1582 cedere
1029 1539 1124 1582 nemo

119 1610 258 1691 dubitat,
290 1607 354 1672 nisi
386 1605 610 1692 exstinguendi
639 1606 725 1690 ignis
744 1626 850 1670 causa
876 1605 938 1670 fuit
965 1611 1125 1692 paratum.

116 1703 195 1764 tunc
223 1697 308 1761 enirn
333 1696 402 1760 esui
425 1697 578 1780 potuique
601 1716 667 1759 non
690 1693 751 1757 fuit
774 1698 806 1759 et
828 1694 876 1758 ita
898 1693 1014 1760 Ofilius
1039 1696 1124 1760 libro

16 1858 17 1884 ,
118 1790 207 1852 sexto
232 1785 354 1850 decimo
379 1785 543 1850 actionum
566 1783 686 1846 scribit.

207 1889 243 1948 cf.
266 1887 302 1946 D.
323 1889 374 1966 34,
390 1889 418 1964 2,
439 1889 488 1960 19,
505 1888 533 1946 9.
571 1884 717 1962 Ulpianus
740 1884 815 1944 libro
836 1885 997 1945 vicensimo
1017 1885 1054 1944 ad
1074 1886 1125 1946 Sa-

116 1979 221 2038 binum
237 1970 285 2056 (P.
295 1968 406 2057 9606).
438 1976 572 2052 Argento
591 1973 672 2034 facto
690 1975 791 2052 legato
806 1973 934 2044 Quintus
949 1974 1064 2034 Mucius
1081 1975 1125 2034 011

116 2085 190 2128 rasa
213 2068 356 2144 argentea
375 2063 529 2141 contineri,
551 2063 648 2124 veluti
667 2106 694 2122 ..
714 2063 872 2123 acetabula
891 2111 897 2123 .
914 2108 920 2121 .
936 2055 954 2121 .'
991 2083 1019 2122 v.
1033 2081 1124 2139 supra

117 2177 145 2232 p.
162 2158 212 2214 77.
241 2155 276 2212 D.
293 2155 344 2228 33,
360 2156 388 2229 6,
404 2156 432 2231 7,
449 2157 476 2212 1.
504 2152 665 2211 lavolenus
688 2152 764 2211 libro
789 2152 917 2211 secundo
942 2171 977 2210 011
997 2153 1124 2227 posteri-

118 2245 220 2305 oribus
238 2243 395 2302 Labeonis.
432 2240 560 2312 Quidam
577 2241 717 2300 heredem
736 2241 930 2301 damnaverat
949 2241 1019 2300 dare
1038 2241 1125 2300 uxori

118 2351 190 2392 0000
213 2375 243 2393 ..
266 2334 384 2391 acetum
406 2323 474 2391 ...’

206 2434 237 2500 4.
264 2433 303 2498 D.
321 2432 397 2497 ibid.
413 2433 432 2512 ξ
447 2432 476 2496 9.
513 2429 618 2515 Ligna
641 2434 674 2494 et
697 2430 852 2495 carbones
877 2433 1045 2515 ceteraque
1068 2453 1126 2514 per

119 2545 200 2608 quae
219 2543 320 2606 penus
340 2522 559 2604 conficeretur,
577 2541 616 2583 an
637 2518 748 2602 penori
767 2519 874 2601 legato
890 2521 1125 2601 contineantur,

119 2613 292 2696 quaeritur.
338 2614 371 2674 et
399 2609 535 2686 Quintus
562 2606 688 2671 Mucius
716 2610 749 2671 et
772 2605 886 2671 Ofilius
914 2613 1127 2692 negaverunt:

118 2723 184 2766 000
207 2699 311 2784 magis
335 2720 430 2782 quam
453 2696 572 2780 molae,
595 2695 758 2781 inquiunt,
781 2695 994 2762 continentur.

163 2918 216 2977 VL
249 2917 302 2976 Ad
325 2916 424 2995 leges
447 2911 673 2977 vicensimae
690 2909 904 2991 <libertatis
928 2916 963 2973 et
985 2914 1087 2974 here·

437 3007 632 3090 ditatium>
655 3011 742 3070 libri
761 3058 811 3073 ...

207 3137 390 3214 Pomponius
415 3139 470 3196 44:
498 3132 551 3196 ‘de
577 3135 695 3215 legibus
717 3135 895 3196 0100001000
918 3137 1033 3213 primus
1057 3155 1126 3197 con-

119 3221 241 3288 scribit'.
274 3247 329 3303 pro
349 3221 537 3286 ‘vicensimae
555 3219 682 3302 primus'
700 3225 801 3300 potius
821 3218 886 3282 ‘XX
900 3221 1005 3285 libros'
1023 3227 1126 3302 legen-

119 3318 190 3377 dum
222 3335 286 3376 0000
319 3319 421 3376 000001
449 3314 591 3374 Huschke
621 3307 666 3396 (Z.
689 3314 710 3374 f.
733 3313 830 3391 geseh.
854 3312 928 3373 RW.
952 3314 1015 3390 XV,
1039 3309 1126 3391 195),

119 3426 207 3484 quem
221 3406 300 3465 inter
314 3405 389 3464 alios
403 3404 484 3465 viros
499 3403 602 3462 doctos
616 3402 754 3478 sequitur
767 3401 859 3459 Lenel
875 3396 977 3481 (Pell
995 3404 1049 3461 eol.
1062 3405 1124 3462 798

119 3514 147 3555 0.
163 3487 207 3576 3).
241 3499 273 3554 01
287 3513 355 3554 curn
369 3493 552 3553 Mommseno
566 3491 680 3550 tradita
692 3491 784 3551 verba
797 3491 913 3548 mutere
926 3490 1004 3566 nolo,
1024 3509 1126 3568 quam-

122 3604 211 3661 quam
234 3584 325 3643 etiam
343 3581 479 3659 Krueger
496 3602 524 3657 p.
541 3582 582 3640 63
601 3598 629 3639 n.
645 3582 686 3640 37
712 3598 747 3638 00
766 3579 928 3654 depravata
947 3597 1010 3639 0000
1029 3582 1086 3656 put
1105 3583 1126 3640 t.
