2600 3908
167 194 230 258 108
268 193 302 250 V.
326 193 473 250 SEPTIMI
488 193 587 250 Sanc.
602 191 698 247 IURIS
712 191 888 248 CONSULT.
903 191 1028 248 saulus
1042 155 1179 248 TERTIA

164 363 365 440 privatorum,
401 362 454 422 sed
489 361 529 420 ad
566 379 712 421 summam
750 380 814 420 rem
845 361 998 436 publicam
1028 361 1178 437 pertinere

165 451 327 526 videretur,
349 451 388 511 M.
410 451 565 526 Lucullus,
588 449 639 527 qui
662 467 779 508 summa
801 449 955 526 aequitate
978 453 1010 508 et
1027 450 1178 526 sapientia

164 541 213 600 ius
235 540 325 617 dixit,
354 540 470 616 primus
497 541 553 599 hoc
579 539 723 598 iudicium
748 530 799 619 (de
823 537 930 597 damno
953 539 984 598 vi
1006 539 1177 598 hominibus

165 628 289 690 armatis
326 629 474 690 coactisve
506 619 592 709 dato)
626 627 794 703 composuit
826 630 857 686 et
889 627 921 685 id
952 629 1113 704 spectavit,
1141 631 1178 688 ut

166 736 268 780 omnes
291 718 337 777 ita
357 717 489 777 familias
513 735 582 776 snas
606 716 801 790 continerent,
824 718 860 775 ut
883 735 944 775 non
961 715 1048 775 modo
1068 717 1180 776 armati

166 806 309 866 damnum
339 806 453 865 nemini
483 806 602 882 darent,
633 824 738 865 verum
766 804 858 864 etiam
890 805 1023 864 lacessiti
1051 805 1117 865 iure
1149 825 1180 865 se

166 897 268 971 potius
292 913 382 972 quam
406 895 497 953 armis
520 893 713 953 defenderent
737 887 802 952 ...'

255 984 396 1043 Fortasse
416 977 539 1042 ‘Varius
558 976 728 1058 Lucullns',
752 982 805 1058 qui
824 983 904 1058 apud
923 982 1122 1058 Pomponium
1140 983 1178 1042 ad

168 1071 312 1131 Sabinum
335 1063 377 1153 (r.
396 1063 489 1152 infra)
512 1071 665 1147 laudatur,
687 1070 767 1130 idem
792 1073 847 1143 est,
870 1070 915 1130 ita
938 1074 973 1130 ut
995 1091 1064 1131 eum
1087 1071 1180 1130 etiam

170 1161 205 1219 de
229 1161 295 1220 iure
318 1160 507 1236 respondisse
530 1160 691 1219 debeamus
715 1163 856 1219 statuere.

571 1318 776 1395 Responsa?

257 1429 296 1494 D.
315 1431 355 1495 41
363 1480 372 1514 ,
393 1431 410 1493 1
418 1479 426 1511 ,
446 1429 487 1494 19
507 1451 554 1514 pr.
595 1428 796 1514 Pomponius
823 1429 907 1494 libro
934 1431 1031 1494 tertio
1060 1428 1100 1493 ad
1124 1428 1181 1494 Sa·

169 1519 280 1584 binum
296 1517 347 1604 (P.
361 1515 451 1604 414).
483 1517 580 1583 Liber
598 1518 696 1583 homo
716 1519 771 1602 qui
789 1518 875 1582 bona
892 1517 955 1583 fide
973 1518 1055 1582 mihi
1072 1519 1183 1602 servit,

169 1609 202 1672 id
223 1607 308 1691 quod
332 1630 370 1672 ex
394 1607 500 1691 operis
524 1607 592 1671 suis
616 1611 673 1671 aut
696 1629 794 1671 exre
817 1628 890 1671 mea
908 1610 1047 1691 pararet,
1070 1607 1110 1672 ad
1129 1629 1182 1672 me

168 1698 330 1780 pertinere
364 1696 433 1760 sine
463 1695 559 1760 dubio
582 1694 694 1760 Aristo
722 1695 770 1758 ait
791 1746 798 1760 .
819 1743 855 1760 ..
878 1696 934 1760 sed
963 1695 1179 1760 hereditatem

169 1787 354 1870 legatumne
377 1807 442 1850 non
466 1785 592 1870 adquiri
615 1783 695 1847 mihi
718 1805 776 1868 per
799 1805 885 1866 eum,
913 1785 990 1868 quia
1012 1806 1116 1868 neque
1140 1807 1180 1848 ex

168 1897 203 1939 re
223 1897 295 1939 mea
312 1895 417 1959 neque
441 1894 479 1937 ex
502 1873 607 1956 operis
628 1873 694 1937 suis
714 1873 746 1936 id
766 1872 810 1936 sit
827 1893 886 1937 neo
906 1873 974 1937 ulla
993 1874 1061 1938 eius
1081 1894 1180 1958 opera

169 1968 254 2028 esset
280 1965 314 2027 in
341 1964 449 2047 legato
479 1961 526 2042 [in
554 1961 732 2025 hereditate
761 1961 982 2044 aliquatenus,
1013 1962 1089 2046 quia
1120 1984 1180 2046 per

169 2053 277 2134 ipsum
300 2051 472 2131 adiretur],
497 2050 583 2133 quod
606 2053 639 2114 et
661 2048 796 2114 Varium
820 2048 989 2114 Lucullum
1012 2051 1184 2136 (fortassez

170 2140 352 2204 Varronem
374 2133 561 2224 Lucullum)
586 2137 758 2222 aliquando
783 2138 956 2204 dubitasse.

256 2249 350 2309 Uncis
363 2249 481 2309 inclusa
494 2249 587 2310 verba
601 2249 810 2309 aTriboniano
823 2250 927 2310 addita
936 2269 1002 2311 esse
1013 2249 1048 2310 A.
1056 2250 1182 2310 Pernice

171 2341 250 2399 reete
274 2340 400 2398 monuit.

515 2561 556 2644 6.
594 2567 633 2639 Ρ.
662 2566 831 2640 ORBIUS

459 2707 623 2806 a.691s65⁹›
647 2715 770 2788 praetor
792 2712 893 2772 Asiae.

259 2834 360 2896 Cicero
376 2837 460 2895 Brut.
473 2840 512 2895 17
518 2841 546 2896 9.
569 2830 675 2894 ‘Cuius
689 2828 738 2916 (Τ.
753 2836 885 2895 Iuventii
899 2854 990 2912 supra
1006 2837 1041 2914 V,
1053 2841 1071 2896 2
1086 2839 1181 2898 nomi·

169 2916 249 3000 nati)
265 2924 385 2983 auditor
398 2925 431 2984 P.
446 2922 564 3000 OrbiuS,
583 2943 667 2982 meus
686 2925 748 2982 fere
767 2925 910 3000 aequalis,
929 2926 961 2982 in
980 2925 1103 2985 dicendo
1119 2946 1181 2986 non

170 3012 259 3070 nimis
283 3012 471 3090 exercitatus,
493 3012 525 3070 in
547 3012 612 3069 iure
636 3015 737 3070 autem
762 3011 844 3071 civili
865 3031 926 3072 non
948 3013 1073 3072 inferior
1091 3033 1182 3089 quam

170 3100 314 3178 magister
341 3095 420 3160 fuit'.
466 3119 521 3176 pro
548 3099 656 3158 Flacco
681 3091 721 3181 (a.
742 3091 881 3181 cassas)
908 3103 962 3160 76:
991 3096 1052 3160 ‘Illi
1078 3102 1183 3181 igitur,

169 3189 216 3247 illi
239 3189 416 3267 Pergameni
438 3188 683 3266 proscriptiones,
707 3191 839 3266 questu
863 3189 1020 3266 afferabas,
1043 3191 1181 3266 repudia·

171 3281 290 3338 verunt.
334 3278 367 3337 P.
387 3275 508 3354 Orbius,
532 3278 620 3337 homo
645 3280 676 3336 et
698 3277 829 3354 prudens
852 3281 883 3337 et
905 3279 1055 3357 innocens,
1078 3282 1184 3339 contra

167 3371 199 3428 te
223 3367 323 3428 omnia
345 3360 496 3428 decrevit?

579 3465 770 3542 Responsa.

257 3555 351 3614 Nulla
373 3557 501 3614 exstant.

595 3641 754 3648 -....-—-
