2614 3914
115 253 118 258 .
173 209 238 273 418
267 208 341 264 VIII.
357 209 492 265 OCTAVI
506 207 604 265 SAEC.
615 208 712 264 IURIS
727 208 902 265 CONSULT.
913 207 1037 277 SERIES
1051 209 1190 266 TERTIA

49 425 53 434 .
173 393 383 458 cognosceres
415 376 552 437 matrem
584 373 653 437 eius
685 371 840 437 furtivam
878 393 960 456 esse,
996 373 1189 440 Trebatius¹

173 464 262 526 omni
281 462 386 542 modo,
409 462 495 547 quod
513 461 561 525 ita
578 483 763 546 possessum
782 464 876 546 esset,
894 466 1087 546 usueaptnm
1107 485 1190 529 esse.

505 628 549 684 De
566 628 730 683 uestimentis
747 628 850 697 emptae.

261 728 313 794 45.
344 727 384 794 D.
404 729 455 812 18,
475 728 504 811 1,
522 727 575 794 45.
611 727 701 792 Idem
725 723 937 814 (Marcianus)
961 728 1045 794 libro
1070 735 1190 814 quarto

171 817 357 902 regularum
381 816 429 902 (P.
434 815 538 919 0362).
583 815 692 881 Labeo
716 816 800 881 libro
823 821 898 919 post
885 817 1040 883 teriorum
1064 819 1189 902 scribit,

173 907 201 971 si
219 906 440 971 vestimenta
430 928 464 970 m
465 906 592 989 terpola
611 905 682 990 quis
701 927 761 989 pro
780 906 872 970 novis
892 907 1013 989 emerit,
1029 905 1162 972 Trebat'
1137 910 1188 972 tro

171 995 299 1097 plaeere
331 995 379 1059 ita
410 994 548 1078 emptori
585 993 812 1078 praestandum
850 994 935 1114 quod
971 994 1121 1110 interest,
1159 996 1187 1060 si

172 1085 328 1169 ignorans
350 1083 511 1167 interpola
535 1083 657 1147 emerit.

261 1195 297 1255 of.
320 1194 488 1295 Noniusp,
509 1194 565 1270 34,
585 1196 618 1252 2:
642 1193 824 1270 interpolare
848 1196 947 1253 est..
962 1196 1125 1254 .traotum
1148 1196 1189 1255 ab

172 1286 238 1343 arte
257 1283 415 1355 fullonum,
435 1283 486 1359 qui
503 1239 642 1358 poliendo
657 1283 819 1360 diligenter
831 1284 936 1341 vetera
950 1302 1086 1360 quaeque
1100 1285 1187 1361 quasi

106 1373 108 1378 '
171 1373 203 1430 in
225 1390 334 1432 novam
357 1371 485 1447 speeiem
508 1373 636 1430 mutant.

557 1523 601 1578 De
619 1523 691 1578 dolio
709 1527 803 1593 empto.

149 1667 152 1672 ·
259 1623 312 1689 46.
335 1621 374 1688 D.
387 1624 436 1707 18,
451 1624 481 1708 6,
497 1623 525 1705 1,
540 1624 568 1688 2.
597 1621 757 1707 Ulpianus
773 1623 857 1687 libro
876 1622 1050 1689 vicensimo
1070 1597 1187 1690 oetavo

172 1711 213 1776 ad
241 1709 397 1777 Sabinum
426 1708 476 1798 (P.
498 1707 609 1800 2717).
661 1711 696 1777 si
728 1711 850 1776 dolium
879 1711 1044 1796 signatum
1073 1715 1116 1778 sit
1145 1715 1187 1778 ab

172 1806 330 1890 emptore,
353 1800 524 1865 Trebatius
549 1802 596 1866 ait
617 1801 772 1865 traditum
794 1801 827 1865 id
850 1801 962 1865 videri.

538 1967 582 2021 De
600 1967 678 2022 bouis
694 1967 819 2024 uenditis.

260 2067 313 2131 47.
341 2067 380 2133 Ι).
399 2067 457 2150 41,
475 2065 506 2151 4,
524 2067 554 2144 2,
574 2067 605 2130 7.
642 2065 761 2130 Paulus
786 2067 869 2131 libro
894 2066 1186 2152 quinquagensimo

172 2159 287 2240 quarto
316 2155 356 2219 sd
384 2156 523 2219 edietum
547 2153 595 2238 (P.
611 2151 699 2240 664).
739 2155 819 2219 Eius
843 2155 930 2220 bona
953 2155 1075 2241 emisti,
1099 2157 1185 2242 apud
1296 2197 1297 2204 .

172 2265 267 2328 quem
296 2244 459 2327 mancipia
486 2243 634 2328 deposita
662 2248 767 2308 erant:
797 2243 969 2309 Trebatius
997 2245 1043 2309 ait
1065 2267 1128 2310 usu
1151 2250 1186 2310 te
1296 2261 1297 2284 ¹

170 2353 238 2396 non
261 2335 439 2416 capturum,
463 2332 538 2416 quia
562 2337 670 2417 empta
692 2354 759 2398 non
781 2333 856 2398 sint.
1296 2341 1297 2362 ¹

559 2497 603 2554 De
620 2499 794 2554 commodato.

260 2599 312 2664 48.
338 2597 378 2663 D.
391 2598 422 2682 4,
437 2599 466 2681 3,
482 2600 532 2680 18,
548 2601 576 2665 3.
609 2599 728 2664 Paulus
747 2598 831 2662 libro
851 2597 1020 2664 undecimo
1040 2599 1080 2663 ad
1101 2600 1186 2666 edio·

170 2692 240 2752 tum
265 2686 313 2774 (P.
328 2685 418 2775 209).
454 2687 503 2754 De
527 2710 564 2753 eo
590 2689 645 2772 qui
664 2688 766 2752 sciens
787 2687 1023 2752 commodasset
1040 2689 1187 2772 pondera

169 2776 341 2861 <iniqua>,
380 2781 418 2842 ut
460 2777 607 2841 venditor
646 2776 784 2859 emptori
820 2797 941 2841 meroes
979 2775 1186 2864 adpenderet,

171 2864 343 2929 Trebatius
367 2866 406 2930 de
430 2865 503 2929 dolo
528 2865 627 2929 dabat
650 2866 819 2929 actionem.

595 3055 642 3114 De
663 3056 761 3129 furtis.

258 3175 311 3240 49.
343 3173 382 3239 D.
402 3174 458 3258 47,
476 3175 511 3259 2,
530 3175 566 3240 2]
588 3197 636 3258 pr.
681 3172 842 3259 Ulpianus
869 3174 954 3239 libro
982 3173 1184 3260 quadragen-

171 3265 253 3329 simo
287 3263 327 3329 ad
360 3261 514 3331 Sabinum
541 3260 592 3350 (P.
612 3261 723 3348 2858).
768 3261 921 3349 Volgaris
949 3269 999 3328 est
1026 3265 1185 3350 quaestio,

171 3375 213 3417 an
235 3355 272 3437 is,
296 3353 351 3437 qui
374 3375 412 3418 ex
435 3375 548 3418 acervo
571 3351 726 3417 frumenti
748 3352 891 3417 modium
915 3352 1057 3437 sustulit,
1079 3354 1183 3419 totius

243 3517 256 3563 1
284 3510 417 3567 Galerius
441 3508 605 3564 ‘Neratius’
627 3509 711 3579 lepere
728 3511 839 3564 mavult.
881 3510 916 3576 of.
938 3509 1065 3565 Persice:
1089 3511 1183 3567 Lateo

170 3579 232 3648 11²,
246 3585 301 3637 402
318 3599 346 3636 a.
361 3587 389 3651 3,
406 3583 454 3652 qui
470 3582 588 3638 dubitat.
