<?xml version="1.0" encoding="UTF-8"?>
<!DOCTYPE html PUBLIC "-//W3C//DTD XHTML 1.0 Transitional//EN"
    "http://www.w3.org/TR/xhtml1/DTD/xhtml1-transitional.dtd">
<html xmlns="http://www.w3.org/1999/xhtml" xml:lang="en" lang="en">
 <head>
  <title>
</title>
<meta http-equiv="Content-Type" content="text/html;charset=utf-8" />
  <meta name='ocr-system' content='tesseract 3.04.00' />
  <meta name='ocr-capabilities' content='ocr_page ocr_carea ocr_par ocr_line ocrx_word'/>
</head>
<body>
  <div class='ocr_page' id='page_1' title='image "./iurisprudentiae05bremgoog_0123.png"; bbox 0 0 2600 3908; ppageno 0'>
   <div class='ocr_carea' id='block_1_1' title="bbox 97 213 1111 282">
    <p class='ocr_par' dir='ltr' id='par_1_1' title="bbox 97 213 1111 282">
     <span class='ocr_line' id='line_1_1' title="bbox 97 213 1111 282; baseline 0.006 -12"><span class='ocrx_word' id='word_1_1' title='bbox 97 223 143 271; x_wconf 85' lang='lat'>11.</span> <span class='ocrx_word' id='word_1_2' title='bbox 159 213 603 271; x_wconf 77' lang='grc' dir='ltr'><strong>ΟΟΤΑ7.ΗΕ11811ΝΝ11181-</strong></span> <span class='ocrx_word' id='word_1_3' title='bbox 619 219 661 270; x_wconf 88' lang='grc'>14.</span> <span class='ocrx_word' id='word_1_4' title='bbox 677 215 705 270; x_wconf 85' lang='grc' dir='ltr'>Ο.</span> <span class='ocrx_word' id='word_1_5' title='bbox 716 215 856 282; x_wconf 79' lang='lat' dir='ltr'><strong>AQUILL.</strong></span> <span class='ocrx_word' id='word_1_6' title='bbox 871 217 1026 280; x_wconf 69' lang='lat' dir='ltr'>canaba,</span> <span class='ocrx_word' id='word_1_7' title='bbox 1051 218 1111 282; x_wconf 92' lang='grc'>111</span> 
     </span>
    </p>
   </div>
   <div class='ocr_carea' id='block_1_2' title="bbox 265 446 956 536">
    <p class='ocr_par' dir='ltr' id='par_1_2' title="bbox 265 446 956 536">
     <span class='ocr_line' id='line_1_2' title="bbox 265 446 956 536; baseline 0.006 -14"><span class='ocrx_word' id='word_1_8' title='bbox 265 446 334 529; x_wconf 78' lang='grc'>13.</span> <span class='ocrx_word' id='word_1_9' title='bbox 372 453 411 536; x_wconf 78' lang='lat' dir='ltr'>Q.</span> <span class='ocrx_word' id='word_1_10' title='bbox 439 450 707 526; x_wconf 78' lang='lat' dir='ltr'>CORNELIUS</span> <span class='ocrx_word' id='word_1_11' title='bbox 735 451 956 526; x_wconf 82' lang='lat' dir='ltr'>MAXIMUS</span> 
     </span>
    </p>
   </div>
   <div class='ocr_carea' id='block_1_3' title="bbox 97 595 1116 1664">
    <p class='ocr_par' dir='ltr' id='par_1_3' title="bbox 97 595 1116 1664">
     <span class='ocr_line' id='line_1_3' title="bbox 191 595 1115 688; baseline 0 -24"><span class='ocrx_word' id='word_1_12' title='bbox 191 605 326 664; x_wconf 70' lang='lat' dir='ltr'>Trebatii</span> <span class='ocrx_word' id='word_1_13' title='bbox 350 605 459 664; x_wconf 84' lang='lat' dir='ltr'>Testae</span> <span class='ocrx_word' id='word_1_14' title='bbox 481 607 658 681; x_wconf 85' lang='lat' dir='ltr'>praeceptor</span> <span class='ocrx_word' id='word_1_15' title='bbox 676 595 874 686; x_wconf 84' lang='lat' dir='ltr'>(Pomponius</span> <span class='ocrx_word' id='word_1_16' title='bbox 897 605 916 681; x_wconf 64' lang='grc' dir='ltr'><strong>ἕ</strong></span> <span class='ocrx_word' id='word_1_17' title='bbox 936 597 1003 688; x_wconf 88' lang='grc'>45),</span> <span class='ocrx_word' id='word_1_18' title='bbox 1027 624 1115 684; x_wconf 88' lang='lat' dir='ltr'>quem</span> 
     </span>
     <span class='ocr_line' id='line_1_4' title="bbox 99 687 1116 774; baseline 0 -20"><span class='ocrx_word' id='word_1_19' title='bbox 99 693 205 755; x_wconf 81' lang='lat' dir='ltr'>Cicero</span> <span class='ocrx_word' id='word_1_20' title='bbox 231 695 263 754; x_wconf 88' lang='lat' dir='ltr'>in</span> <span class='ocrx_word' id='word_1_21' title='bbox 286 693 422 770; x_wconf 89' lang='lat' dir='ltr'>epistolis</span> <span class='ocrx_word' id='word_1_22' title='bbox 446 693 484 753; x_wconf 87' lang='lat' dir='ltr'>ad</span> <span class='ocrx_word' id='word_1_23' title='bbox 507 693 683 753; x_wconf 78' lang='lat' dir='ltr'>Trebatium</span> <span class='ocrx_word' id='word_1_24' title='bbox 705 713 731 753; x_wconf 90' lang='lat' dir='ltr'>a.</span> <span class='ocrx_word' id='word_1_25' title='bbox 752 688 869 774; x_wconf 92' lang='grc'><strong>700154</strong></span> <span class='ocrx_word' id='word_1_26' title='bbox 893 697 1039 754; x_wconf 87' lang='lat' dir='ltr'>memorat</span> <span class='ocrx_word' id='word_1_27' title='bbox 1063 687 1116 772; x_wconf 90' lang='lat' dir='ltr'>(ad</span> 
     </span>
     <span class='ocr_line' id='line_1_5' title="bbox 97 775 1114 865; baseline 0.002 -23"><span class='ocrx_word' id='word_1_28' title='bbox 97 784 173 842; x_wconf 90' lang='lat' dir='ltr'>fam.</span> <span class='ocrx_word' id='word_1_29' title='bbox 193 785 221 859; x_wconf 99' lang='lat'>7,</span> <span class='ocrx_word' id='word_1_30' title='bbox 241 775 277 865; x_wconf 84' lang='lat'>8)</span> <span class='ocrx_word' id='word_1_31' title='bbox 302 777 424 860; x_wconf 73' lang='lat' dir='ltr'>‘querar</span> <span class='ocrx_word' id='word_1_32' title='bbox 441 801 509 842; x_wconf 89' lang='lat' dir='ltr'>cum</span> <span class='ocrx_word' id='word_1_33' title='bbox 527 781 660 842; x_wconf 79' lang='lat' dir='ltr'>Vacerra</span> <span class='ocrx_word' id='word_1_34' title='bbox 678 785 709 842; x_wconf 93' lang='lat' dir='ltr'>et</span> <span class='ocrx_word' id='word_1_35' title='bbox 726 782 864 842; x_wconf 87' lang='lat' dir='ltr'>Manilio:</span> <span class='ocrx_word' id='word_1_36' title='bbox 887 802 958 844; x_wconf 90' lang='lat' dir='ltr'>nam</span> <span class='ocrx_word' id='word_1_37' title='bbox 977 783 1114 844; x_wconf 74' lang='lat' dir='ltr'>Cornelio</span> 
     </span>
     <span class='ocr_line' id='line_1_6' title="bbox 97 871 1115 950; baseline -0.001 -19"><span class='ocrx_word' id='word_1_38' title='bbox 97 873 179 932; x_wconf 88' lang='lat' dir='ltr'><strong>nihil</strong></span> <span class='ocrx_word' id='word_1_39' title='bbox 201 872 297 932; x_wconf 86' lang='lat' dir='ltr'>audeo</span> <span class='ocrx_word' id='word_1_40' title='bbox 317 871 423 948; x_wconf 87' lang='lat' dir='ltr'>dicere,</span> <span class='ocrx_word' id='word_1_41' title='bbox 446 871 532 930; x_wconf 86' lang='lat' dir='ltr'>cuius</span> <span class='ocrx_word' id='word_1_42' title='bbox 555 873 592 930; x_wconf 90' lang='grc'>11</span> <span class='ocrx_word' id='word_1_43' title='bbox 614 871 748 947; x_wconf 92' lang='lat' dir='ltr'>periculo</span> <span class='ocrx_word' id='word_1_44' title='bbox 773 872 885 932; x_wconf 90' lang='lat' dir='ltr'>stultus</span> <span class='ocrx_word' id='word_1_45' title='bbox 909 892 950 948; x_wconf 89' lang='lat' dir='ltr'>es,</span> <span class='ocrx_word' id='word_1_46' title='bbox 974 873 1115 950; x_wconf 86' lang='lat' dir='ltr'>quoniam</span> 
     </span>
     <span class='ocr_line' id='line_1_7' title="bbox 97 953 1115 1039; baseline 0 -19"><span class='ocrx_word' id='word_1_47' title='bbox 97 964 131 1020; x_wconf 91' lang='grc'>16</span> <span class='ocrx_word' id='word_1_48' title='bbox 169 961 207 1020; x_wconf 85' lang='lat' dir='ltr'>ab</span> <span class='ocrx_word' id='word_1_49' title='bbox 240 979 274 1020; x_wconf 90' lang='lat' dir='ltr'>eo</span> <span class='ocrx_word' id='word_1_50' title='bbox 308 978 411 1036; x_wconf 81' lang='lat' dir='ltr'>sapere</span> <span class='ocrx_word' id='word_1_51' title='bbox 448 959 586 1020; x_wconf 76' lang='lat' dir='ltr'>didicisse</span> <span class='ocrx_word' id='word_1_52' title='bbox 618 953 789 1036; x_wconf 87' lang='lat' dir='ltr'>profiteris&#39;.</span> <span class='ocrx_word' id='word_1_53' title='bbox 846 964 878 1039; x_wconf 94' lang='lat'>7,</span> <span class='ocrx_word' id='word_1_54' title='bbox 904 963 943 1020; x_wconf 94' lang='lat'>17</span> <span class='ocrx_word' id='word_1_55' title='bbox 951 964 1000 1038; x_wconf 90' lang='lat'>,3</span> <span class='ocrx_word' id='word_1_56' title='bbox 1039 955 1115 1037; x_wconf 73' lang='lat' dir='ltr'>‘hoa</span> 
     </span>
     <span class='ocr_line' id='line_1_8' title="bbox 99 1049 1115 1126; baseline 0 -18"><span class='ocrx_word' id='word_1_57' title='bbox 99 1049 354 1126; x_wconf 73' lang='lat' dir='ltr'>quemadmodum</span> <span class='ocrx_word' id='word_1_58' title='bbox 376 1067 430 1108; x_wconf 87' lang='lat' dir='ltr'>vos</span> <span class='ocrx_word' id='word_1_59' title='bbox 453 1049 582 1109; x_wconf 88' lang='lat' dir='ltr'>scribere</span> <span class='ocrx_word' id='word_1_60' title='bbox 606 1049 709 1108; x_wconf 88' lang='lat' dir='ltr'>soletis</span> <span class='ocrx_word' id='word_1_61' title='bbox 732 1050 764 1108; x_wconf 87' lang='lat' dir='ltr'>in</span> <span class='ocrx_word' id='word_1_62' title='bbox 786 1050 895 1110; x_wconf 86' lang='lat' dir='ltr'>vestris</span> <span class='ocrx_word' id='word_1_63' title='bbox 918 1049 1013 1126; x_wconf 89' lang='lat' dir='ltr'>libris,</span> <span class='ocrx_word' id='word_1_64' title='bbox 1035 1050 1115 1108; x_wconf 87' lang='lat' dir='ltr'>idem</span> 
     </span>
     <span class='ocr_line' id='line_1_9' title="bbox 100 1133 1114 1216; baseline 0 -18"><span class='ocrx_word' id='word_1_65' title='bbox 100 1137 135 1208; x_wconf 80' lang='lat' dir='ltr'>Q.</span> <span class='ocrx_word' id='word_1_66' title='bbox 160 1137 298 1198; x_wconf 82' lang='lat' dir='ltr'>Cornelio</span> <span class='ocrx_word' id='word_1_67' title='bbox 323 1133 500 1197; x_wconf 87' lang='lat' dir='ltr'>videbatur&#39;.</span> <span class='ocrx_word' id='word_1_68' title='bbox 543 1137 636 1215; x_wconf 88' lang='lat' dir='ltr'>idem,</span> <span class='ocrx_word' id='word_1_69' title='bbox 663 1141 699 1197; x_wconf 91' lang='lat' dir='ltr'>nt</span> <span class='ocrx_word' id='word_1_70' title='bbox 721 1139 854 1216; x_wconf 89' lang='lat' dir='ltr'>videtur,</span> <span class='ocrx_word' id='word_1_71' title='bbox 877 1141 969 1216; x_wconf 88' lang='lat' dir='ltr'>atque</span> <span class='ocrx_word' id='word_1_72' title='bbox 993 1133 1114 1198; x_wconf 72' lang='lat' dir='ltr'>‘Corne-</span> 
     </span>
     <span class='ocr_line' id='line_1_10' title="bbox 98 1219 1114 1306; baseline 0.001 -21"><span class='ocrx_word' id='word_1_73' title='bbox 98 1219 174 1286; x_wconf 88' lang='lat' dir='ltr'>lius&#39;</span> <span class='ocrx_word' id='word_1_74' title='bbox 197 1227 299 1286; x_wconf 85' lang='lat' dir='ltr'>Alfeni</span> <span class='ocrx_word' id='word_1_75' title='bbox 326 1227 376 1286; x_wconf 85' lang='lat' dir='ltr'>vel</span> <span class='ocrx_word' id='word_1_76' title='bbox 398 1225 500 1303; x_wconf 89' lang='lat' dir='ltr'>potius</span> <span class='ocrx_word' id='word_1_77' title='bbox 524 1225 621 1286; x_wconf 83' lang='lat' dir='ltr'>Servii</span> <span class='ocrx_word' id='word_1_78' title='bbox 643 1227 680 1286; x_wconf 89' lang='lat' dir='ltr'>D.</span> <span class='ocrx_word' id='word_1_79' title='bbox 701 1229 755 1305; x_wconf 85' lang='lat'>33,</span> <span class='ocrx_word' id='word_1_80' title='bbox 777 1230 809 1306; x_wconf 92' lang='lat'>7,</span> <span class='ocrx_word' id='word_1_81' title='bbox 830 1231 884 1306; x_wconf 89' lang='grc'>16,</span> <span class='ocrx_word' id='word_1_82' title='bbox 907 1231 922 1286; x_wconf 93' lang='grc'>1</span> <span class='ocrx_word' id='word_1_83' title='bbox 949 1228 998 1304; x_wconf 84' lang='lat' dir='ltr'>(cf.</span> <span class='ocrx_word' id='word_1_84' title='bbox 1021 1223 1114 1306; x_wconf 89' lang='lat' dir='ltr'>infra)</span> 
     </span>
     <span class='ocr_line' id='line_1_11' title="bbox 99 1308 1115 1392; baseline 0 -18"><span class='ocrx_word' id='word_1_85' title='bbox 99 1319 133 1376; x_wconf 90' lang='lat' dir='ltr'>et</span> <span class='ocrx_word' id='word_1_86' title='bbox 160 1317 288 1376; x_wconf 87' lang='lat' dir='ltr'>fortasse</span> <span class='ocrx_word' id='word_1_87' title='bbox 316 1315 396 1374; x_wconf 89' lang='lat' dir='ltr'>idem</span> <span class='ocrx_word' id='word_1_88' title='bbox 423 1318 514 1392; x_wconf 86' lang='lat' dir='ltr'>atque</span> <span class='ocrx_word' id='word_1_89' title='bbox 538 1308 710 1374; x_wconf 68' lang='lat' dir='ltr'>‘Maximus&#39;</span> <span class='ocrx_word' id='word_1_90' title='bbox 737 1319 860 1376; x_wconf 89' lang='lat' dir='ltr'>senatus</span> <span class='ocrx_word' id='word_1_91' title='bbox 888 1317 1018 1379; x_wconf 80' lang='lat' dir='ltr'>consulti</span> <span class='ocrx_word' id='word_1_92' title='bbox 1045 1318 1115 1376; x_wconf 89' lang='lat' dir='ltr'>anni</span> 
     </span>
     <span class='ocr_line' id='line_1_12' title="bbox 101 1398 1115 1484; baseline -0.002 -20"><span class='ocrx_word' id='word_1_93' title='bbox 101 1398 219 1484; x_wconf 83' lang='grc'><strong>743111</strong></span> <span class='ocrx_word' id='word_1_94' title='bbox 246 1404 282 1464; x_wconf 86' lang='lat' dir='ltr'>de</span> <span class='ocrx_word' id='word_1_95' title='bbox 305 1404 455 1464; x_wconf 89' lang='lat' dir='ltr'>flaminica</span> <span class='ocrx_word' id='word_1_96' title='bbox 476 1403 559 1462; x_wconf 86' lang='lat' dir='ltr'>Diali</span> <span class='ocrx_word' id='word_1_97' title='bbox 582 1404 662 1480; x_wconf 88' lang='lat' dir='ltr'>apud</span> <span class='ocrx_word' id='word_1_98' title='bbox 687 1403 750 1465; x_wconf 78' lang='lat' dir='ltr'>cai.</span> <span class='ocrx_word' id='word_1_99' title='bbox 773 1407 800 1482; x_wconf 87' lang='lat'>1,</span> <span class='ocrx_word' id='word_1_100' title='bbox 821 1407 883 1466; x_wconf 88' lang='grc'>136</span> <span class='ocrx_word' id='word_1_101' title='bbox 910 1400 968 1483; x_wconf 65' lang='grc' dir='ltr'>(ἵ.</span> <span class='ocrx_word' id='word_1_102' title='bbox 991 1405 1115 1464; x_wconf 86' lang='lat' dir='ltr'>Maximi</span> 
     </span>
     <span class='ocr_line' id='line_1_13' title="bbox 100 1493 1115 1571; baseline -0.002 -18"><span class='ocrx_word' id='word_1_103' title='bbox 100 1497 134 1553; x_wconf 86' lang='lat' dir='ltr'>et</span> <span class='ocrx_word' id='word_1_104' title='bbox 152 1493 320 1553; x_wconf 80' lang='lat' dir='ltr'>Tuberonis</span> <span class='ocrx_word' id='word_1_105' title='bbox 343 1495 466 1552; x_wconf 88' lang='lat' dir='ltr'>cautum</span> <span class='ocrx_word' id='word_1_106' title='bbox 488 1495 544 1570; x_wconf 89' lang='lat' dir='ltr'>est,</span> <span class='ocrx_word' id='word_1_107' title='bbox 567 1495 602 1552; x_wconf 90' lang='lat' dir='ltr'>ut</span> <span class='ocrx_word' id='word_1_108' title='bbox 624 1493 698 1552; x_wconf 88' lang='lat' dir='ltr'>baec</span> <span class='ocrx_word' id='word_1_109' title='bbox 722 1494 802 1571; x_wconf 90' lang='lat' dir='ltr'>quod</span> <span class='ocrx_word' id='word_1_110' title='bbox 825 1493 864 1552; x_wconf 87' lang='lat' dir='ltr'>ad</span> <span class='ocrx_word' id='word_1_111' title='bbox 887 1512 973 1554; x_wconf 87' lang='lat' dir='ltr'>sacra</span> <span class='ocrx_word' id='word_1_112' title='bbox 993 1495 1115 1554; x_wconf 89' lang='lat' dir='ltr'>tantum</span> 
     </span>
     <span class='ocr_line' id='line_1_14' title="bbox 100 1574 609 1664; baseline -0.004 -22"><span class='ocrx_word' id='word_1_113' title='bbox 100 1582 242 1642; x_wconf 85' lang='lat' dir='ltr'>videatur</span> <span class='ocrx_word' id='word_1_114' title='bbox 263 1582 295 1641; x_wconf 91' lang='lat' dir='ltr'>in</span> <span class='ocrx_word' id='word_1_115' title='bbox 318 1601 411 1642; x_wconf 89' lang='lat' dir='ltr'>manu</span> <span class='ocrx_word' id='word_1_116' title='bbox 433 1600 497 1642; x_wconf 89' lang='lat' dir='ltr'>esse</span> <span class='ocrx_word' id='word_1_117' title='bbox 523 1574 609 1664; x_wconf 83' lang='lat'><strong>...&#39;).</strong></span> 
     </span>
    </p>
   </div>
   <div class='ocr_carea' id='block_1_4' title="bbox 436 1753 704 1845">
    <p class='ocr_par' dir='ltr' id='par_1_4' title="bbox 436 1753 704 1845">
     <span class='ocr_line' id='line_1_15' title="bbox 436 1753 704 1845; baseline 0 -18"><span class='ocrx_word' id='word_1_118' title='bbox 436 1753 441 1766; x_wconf 83' lang='grc'><em>’</em></span> <span class='ocrx_word' id='word_1_119' title='bbox 510 1769 704 1845; x_wconf 86' lang='lat' dir='ltr'>Responsa.</span> 
     </span>
    </p>
   </div>
   <div class='ocr_carea' id='block_1_5' title="bbox 101 1895 1114 2406">
    <p class='ocr_par' dir='ltr' id='par_1_5' title="bbox 101 1895 1114 2406">
     <span class='ocr_line' id='line_1_16' title="bbox 191 1895 1114 1982; baseline -0.003 -20"><span class='ocrx_word' id='word_1_120' title='bbox 191 1896 231 1961; x_wconf 92' lang='lat' dir='ltr'>D.</span> <span class='ocrx_word' id='word_1_121' title='bbox 245 1898 297 1979; x_wconf 85' lang='lat'>33,</span> <span class='ocrx_word' id='word_1_122' title='bbox 313 1898 342 1979; x_wconf 95' lang='lat'>7,</span> <span class='ocrx_word' id='word_1_123' title='bbox 363 1897 457 1981; x_wconf 89' lang='grc'><strong>16,1.</strong></span> <span class='ocrx_word' id='word_1_124' title='bbox 490 1895 626 1962; x_wconf 86' lang='lat' dir='ltr'>Alfenus</span> <span class='ocrx_word' id='word_1_125' title='bbox 645 1897 730 1963; x_wconf 90' lang='lat' dir='ltr'>libro</span> <span class='ocrx_word' id='word_1_126' title='bbox 750 1895 888 1962; x_wconf 88' lang='lat' dir='ltr'>secundo</span> <span class='ocrx_word' id='word_1_127' title='bbox 904 1895 1114 1982; x_wconf 75' lang='lat' dir='ltr'>Digestorum</span> 
     </span>
     <span class='ocr_line' id='line_1_17' title="bbox 101 1983 1114 2070; baseline -0.002 -20"><span class='ocrx_word' id='word_1_128' title='bbox 101 2008 120 2050; x_wconf 96' lang='grc'>1</span> <span class='ocrx_word' id='word_1_129' title='bbox 153 1985 256 2051; x_wconf 86' lang='grc' dir='ltr'><strong>Ρ1116</strong></span> <span class='ocrx_word' id='word_1_130' title='bbox 290 1987 548 2070; x_wconf 89' lang='lat' dir='ltr'>epitomatorum.</span> <span class='ocrx_word' id='word_1_131' title='bbox 599 1983 704 2051; x_wconf 85' lang='lat' dir='ltr'>Vinea</span> <span class='ocrx_word' id='word_1_132' title='bbox 736 1989 769 2050; x_wconf 93' lang='grc'>61</span> <span class='ocrx_word' id='word_1_133' title='bbox 800 1987 1016 2050; x_wconf 80' lang='lat' dir='ltr'>instrumento</span> <span class='ocrx_word' id='word_1_134' title='bbox 1044 1985 1114 2048; x_wconf 91' lang='lat' dir='ltr'>eius</span> 
     </span>
     <span class='ocr_line' id='line_1_18' title="bbox 101 2073 1114 2162; baseline 0 -24"><span class='ocrx_word' id='word_1_135' title='bbox 101 2075 212 2162; x_wconf 82' lang='lat' dir='ltr'>legato</span> <span class='ocrx_word' id='word_1_136' title='bbox 235 2075 487 2140; x_wconf 71' lang='lat' dir='ltr'>instrumentum</span> <span class='ocrx_word' id='word_1_137' title='bbox 511 2074 626 2140; x_wconf 86' lang='lat' dir='ltr'>vineae</span> <span class='ocrx_word' id='word_1_138' title='bbox 645 2075 728 2140; x_wconf 92' lang='lat' dir='ltr'>nihil</span> <span class='ocrx_word' id='word_1_139' title='bbox 747 2097 817 2140; x_wconf 85' lang='lat' dir='ltr'>esse</span> <span class='ocrx_word' id='word_1_140' title='bbox 837 2073 966 2140; x_wconf 87' lang='lat' dir='ltr'>Servius</span> <span class='ocrx_word' id='word_1_141' title='bbox 985 2095 1114 2160; x_wconf 88' lang='lat' dir='ltr'>respon-</span> 
     </span>
     <span class='ocr_line' id='line_1_19' title="bbox 102 2162 1114 2248; baseline 0 -20"><span class='ocrx_word' id='word_1_142' title='bbox 102 2164 159 2229; x_wconf 87' lang='lat' dir='ltr'>dit.</span> <span class='ocrx_word' id='word_1_143' title='bbox 204 2165 260 2248; x_wconf 92' lang='lat' dir='ltr'>qui</span> <span class='ocrx_word' id='word_1_144' title='bbox 287 2185 360 2229; x_wconf 90' lang='lat' dir='ltr'>cum</span> <span class='ocrx_word' id='word_1_145' title='bbox 383 2165 585 2247; x_wconf 84' lang='lat' dir='ltr'>consulebat,</span> <span class='ocrx_word' id='word_1_146' title='bbox 612 2162 799 2230; x_wconf 77' lang='lat' dir='ltr'>Cornelium</span> <span class='ocrx_word' id='word_1_147' title='bbox 821 2163 1026 2248; x_wconf 89' lang='lat' dir='ltr'>respondisse</span> <span class='ocrx_word' id='word_1_148' title='bbox 1050 2163 1114 2228; x_wconf 87' lang='lat' dir='ltr'>aie—</span> 
     </span>
     <span class='ocr_line' id='line_1_20' title="bbox 102 2252 1112 2339; baseline 0 -22"><span class='ocrx_word' id='word_1_149' title='bbox 102 2253 173 2336; x_wconf 86' lang='lat' dir='ltr'>bat,</span> <span class='ocrx_word' id='word_1_150' title='bbox 197 2253 291 2337; x_wconf 88' lang='lat' dir='ltr'>palos</span> <span class='ocrx_word' id='word_1_151' title='bbox 313 2253 451 2333; x_wconf 89' lang='lat' dir='ltr'>perticas</span> <span class='ocrx_word' id='word_1_152' title='bbox 476 2257 598 2318; x_wconf 87' lang='lat' dir='ltr'>rastros</span> <span class='ocrx_word' id='word_1_153' title='bbox 622 2253 749 2339; x_wconf 83' lang='lat' dir='ltr'>ligones</span> <span class='ocrx_word' id='word_1_154' title='bbox 772 2252 978 2318; x_wconf 84' lang='lat' dir='ltr'>instrumenti</span> <span class='ocrx_word' id='word_1_155' title='bbox 1000 2253 1112 2325; x_wconf 74' lang='lat' dir='ltr'>vineae</span> 
     </span>
     <span class='ocr_line' id='line_1_21' title="bbox 101 2363 181 2406; baseline -0.013 0"><span class='ocrx_word' id='word_1_156' title='bbox 101 2363 181 2406; x_wconf 88' lang='lat' dir='ltr'>esse.</span> 
     </span>
    </p>
   </div>
   <div class='ocr_carea' id='block_1_6' title="bbox 290 2567 926 2714">
    <p class='ocr_par' dir='ltr' id='par_1_6' title="bbox 290 2567 926 2714">
     <span class='ocr_line' id='line_1_22' title="bbox 290 2567 926 2714; baseline -0.009 -9"><span class='ocrx_word' id='word_1_157' title='bbox 290 2623 357 2705; x_wconf 84' lang='lat'>14.</span> <span class='ocrx_word' id='word_1_158' title='bbox 394 2628 431 2701; x_wconf 83' lang='lat' dir='ltr'>O.</span> <span class='ocrx_word' id='word_1_159' title='bbox 460 2628 712 2714; x_wconf 79' lang='lat' dir='ltr'>AQUILLIUS</span> <span class='ocrx_word' id='word_1_160' title='bbox 741 2567 926 2700; x_wconf 74' lang='lat' dir='ltr'>danaus</span> 
     </span>
    </p>
   </div>
   <div class='ocr_carea' id='block_1_7' title="bbox 101 2773 1113 3664">
    <p class='ocr_par' dir='ltr' id='par_1_7' title="bbox 101 2773 1113 3664">
     <span class='ocr_line' id='line_1_23' title="bbox 192 2773 1112 2862; baseline -0.002 -22"><span class='ocrx_word' id='word_1_161' title='bbox 192 2781 225 2852; x_wconf 78' lang='lat' dir='ltr'>Q.</span> <span class='ocrx_word' id='word_1_162' title='bbox 247 2781 340 2840; x_wconf 87' lang='lat' dir='ltr'>Mucii</span> <span class='ocrx_word' id='word_1_163' title='bbox 362 2782 482 2842; x_wconf 88' lang='lat' dir='ltr'>auditor</span> <span class='ocrx_word' id='word_1_164' title='bbox 505 2775 702 2861; x_wconf 88' lang='lat' dir='ltr'>(Pomponius</span> <span class='ocrx_word' id='word_1_165' title='bbox 726 2779 746 2857; x_wconf 61' lang='grc' dir='ltr'>ᾗ</span> <span class='ocrx_word' id='word_1_166' title='bbox 766 2773 830 2862; x_wconf 87' lang='grc'>24),</span> <span class='ocrx_word' id='word_1_167' title='bbox 855 2779 1004 2840; x_wconf 82' lang='lat' dir='ltr'>Ciceronis</span> <span class='ocrx_word' id='word_1_168' title='bbox 1026 2777 1112 2839; x_wconf 87' lang='lat' dir='ltr'>fami·</span> 
     </span>
     <span class='ocr_line' id='line_1_24' title="bbox 101 2869 1111 2948; baseline -0.001 -19"><span class='ocrx_word' id='word_1_169' title='bbox 101 2871 196 2948; x_wconf 87' lang='lat' dir='ltr'>liaris,</span> <span class='ocrx_word' id='word_1_170' title='bbox 219 2889 320 2948; x_wconf 87' lang='lat' dir='ltr'>eques,</span> <span class='ocrx_word' id='word_1_171' title='bbox 343 2871 395 2947; x_wconf 87' lang='lat' dir='ltr'>qui</span> <span class='ocrx_word' id='word_1_172' title='bbox 418 2872 449 2930; x_wconf 90' lang='lat' dir='ltr'>in</span> <span class='ocrx_word' id='word_1_173' title='bbox 467 2869 611 2930; x_wconf 87' lang='lat' dir='ltr'>Viminali</span> <span class='ocrx_word' id='word_1_174' title='bbox 632 2872 752 2930; x_wconf 88' lang='lat' dir='ltr'>domum</span> <span class='ocrx_word' id='word_1_175' title='bbox 770 2869 1003 2947; x_wconf 87' lang='lat' dir='ltr'>pulcherrimam</span> <span class='ocrx_word' id='word_1_176' title='bbox 1022 2869 1111 2928; x_wconf 86' lang='lat' dir='ltr'>habe·</span> 
     </span>
     <span class='ocr_line' id='line_1_25' title="bbox 101 2952 1112 3041; baseline -0.002 -22"><span class='ocrx_word' id='word_1_177' title='bbox 101 2959 155 3019; x_wconf 90' lang='lat' dir='ltr'>bat</span> <span class='ocrx_word' id='word_1_178' title='bbox 173 2953 265 3040; x_wconf 83' lang='lat' dir='ltr'>(Plin.</span> <span class='ocrx_word' id='word_1_179' title='bbox 283 2961 312 3018; x_wconf 91' lang='lat' dir='ltr'>h.</span> <span class='ocrx_word' id='word_1_180' title='bbox 331 2978 360 3019; x_wconf 89' lang='lat' dir='ltr'>n.</span> <span class='ocrx_word' id='word_1_181' title='bbox 382 2962 431 3039; x_wconf 92' lang='lat'>17,</span> <span class='ocrx_word' id='word_1_182' title='bbox 452 2952 496 3041; x_wconf 93' lang='grc'>2),</span> <span class='ocrx_word' id='word_1_183' title='bbox 514 2959 603 3020; x_wconf 90' lang='lat' dir='ltr'>homo</span> <span class='ocrx_word' id='word_1_184' title='bbox 627 2963 734 3020; x_wconf 89' lang='lat' dir='ltr'>acutus</span> <span class='ocrx_word' id='word_1_185' title='bbox 758 2962 788 3020; x_wconf 95' lang='lat' dir='ltr'>et</span> <span class='ocrx_word' id='word_1_186' title='bbox 811 2959 992 3019; x_wconf 84' lang='lat' dir='ltr'>exercitatus</span> <span class='ocrx_word' id='word_1_187' title='bbox 1015 2977 1112 3035; x_wconf 88' lang='lat' dir='ltr'>prom-</span> 
     </span>
     <span class='ocr_line' id='line_1_26' title="bbox 101 3047 1111 3127; baseline -0.002 -19"><span class='ocrx_word' id='word_1_188' title='bbox 101 3053 172 3125; x_wconf 87' lang='lat' dir='ltr'>ptae</span> <span class='ocrx_word' id='word_1_189' title='bbox 199 3051 231 3108; x_wconf 89' lang='grc'>61</span> <span class='ocrx_word' id='word_1_190' title='bbox 256 3051 380 3124; x_wconf 85' lang='lat' dir='ltr'>paratae</span> <span class='ocrx_word' id='word_1_191' title='bbox 407 3049 440 3108; x_wconf 88' lang='lat' dir='ltr'>in</span> <span class='ocrx_word' id='word_1_192' title='bbox 468 3050 582 3127; x_wconf 86' lang='lat' dir='ltr'>agendo</span> <span class='ocrx_word' id='word_1_193' title='bbox 610 3052 642 3108; x_wconf 93' lang='grc'>61</span> <span class='ocrx_word' id='word_1_194' title='bbox 666 3049 698 3108; x_wconf 92' lang='lat' dir='ltr'>in</span> <span class='ocrx_word' id='word_1_195' title='bbox 720 3048 925 3126; x_wconf 87' lang='lat' dir='ltr'>respondendo</span> <span class='ocrx_word' id='word_1_196' title='bbox 948 3047 1111 3108; x_wconf 88' lang='lat' dir='ltr'>celeritatis</span> 
     </span>
     <span class='ocr_line' id='line_1_27' title="bbox 102 3130 1113 3219; baseline -0.003 -21"><span class='ocrx_word' id='word_1_197' title='bbox 102 3133 220 3218; x_wconf 79' lang='lat' dir='ltr'>(Cicero</span> <span class='ocrx_word' id='word_1_198' title='bbox 247 3136 334 3198; x_wconf 89' lang='lat' dir='ltr'>Brut.</span> <span class='ocrx_word' id='word_1_199' title='bbox 360 3130 453 3219; x_wconf 82' lang='lat'><strong>154),</strong></span> <span class='ocrx_word' id='word_1_200' title='bbox 481 3131 539 3198; x_wconf 69' lang='lat' dir='ltr'>‘vir</span> <span class='ocrx_word' id='word_1_201' title='bbox 565 3156 692 3216; x_wconf 81' lang='lat' dir='ltr'>magnae</span> <span class='ocrx_word' id='word_1_202' title='bbox 721 3137 910 3198; x_wconf 82' lang='lat' dir='ltr'>auctoritatis</span> <span class='ocrx_word' id='word_1_203' title='bbox 934 3141 965 3196; x_wconf 92' lang='lat' dir='ltr'>et</span> <span class='ocrx_word' id='word_1_204' title='bbox 988 3137 1113 3197; x_wconf 89' lang='lat' dir='ltr'>scientia</span> 
     </span>
     <span class='ocr_line' id='line_1_28' title="bbox 101 3221 1111 3307; baseline -0.001 -21"><span class='ocrx_word' id='word_1_205' title='bbox 101 3226 176 3288; x_wconf 89' lang='lat' dir='ltr'>iuris</span> <span class='ocrx_word' id='word_1_206' title='bbox 200 3221 358 3286; x_wconf 83' lang='lat' dir='ltr'>excellens&#39;</span> <span class='ocrx_word' id='word_1_207' title='bbox 384 3221 464 3306; x_wconf 84' lang='lat' dir='ltr'>(Val.</span> <span class='ocrx_word' id='word_1_208' title='bbox 483 3227 560 3288; x_wconf 90' lang='lat' dir='ltr'>Max.</span> <span class='ocrx_word' id='word_1_209' title='bbox 581 3229 610 3304; x_wconf 87' lang='lat'>8,</span> <span class='ocrx_word' id='word_1_210' title='bbox 626 3231 655 3303; x_wconf 94' lang='grc'>2,</span> <span class='ocrx_word' id='word_1_211' title='bbox 670 3221 717 3307; x_wconf 90' lang='grc'>2),</span> <span class='ocrx_word' id='word_1_212' title='bbox 745 3228 835 3286; x_wconf 83' lang='lat' dir='ltr'>iudex</span> <span class='ocrx_word' id='word_1_213' title='bbox 861 3228 893 3286; x_wconf 90' lang='lat' dir='ltr'>in</span> <span class='ocrx_word' id='word_1_214' title='bbox 920 3244 1013 3285; x_wconf 89' lang='lat' dir='ltr'>causa</span> <span class='ocrx_word' id='word_1_215' title='bbox 1039 3223 1111 3285; x_wconf 88' lang='lat' dir='ltr'>Ota·</span> 
     </span>
     <span class='ocr_line' id='line_1_29' title="bbox 103 3308 1112 3394; baseline -0.003 -19"><span class='ocrx_word' id='word_1_216' title='bbox 103 3316 188 3376; x_wconf 87' lang='lat' dir='ltr'>ciliae</span> <span class='ocrx_word' id='word_1_217' title='bbox 204 3315 383 3386; x_wconf 59' lang='lat' dir='ltr'>‚Laterensis</span> <span class='ocrx_word' id='word_1_218' title='bbox 407 3321 438 3375; x_wconf 88' lang='lat' dir='ltr'>et</span> <span class='ocrx_word' id='word_1_219' title='bbox 461 3314 491 3375; x_wconf 81' lang='lat' dir='ltr'>O.</span> <span class='ocrx_word' id='word_1_220' title='bbox 515 3316 633 3376; x_wconf 85' lang='lat' dir='ltr'>Visellii</span> <span class='ocrx_word' id='word_1_221' title='bbox 657 3315 800 3376; x_wconf 85' lang='lat' dir='ltr'>Varronis</span> <span class='ocrx_word' id='word_1_222' title='bbox 823 3310 906 3394; x_wconf 90' lang='lat' dir='ltr'>(Val.</span> <span class='ocrx_word' id='word_1_223' title='bbox 923 3315 1002 3374; x_wconf 84' lang='lat' dir='ltr'>Max.</span> <span class='ocrx_word' id='word_1_224' title='bbox 1025 3315 1043 3372; x_wconf 92' lang='grc'>1.</span> <span class='ocrx_word' id='word_1_225' title='bbox 1064 3308 1112 3392; x_wconf 91' lang='grc'><strong>6,),</strong></span> 
     </span>
     <span class='ocr_line' id='line_1_30' title="bbox 104 3397 1112 3484; baseline -0.004 -20"><span class='ocrx_word' id='word_1_226' title='bbox 104 3399 220 3482; x_wconf 87' lang='grc'><strong>673182</strong></span> <span class='ocrx_word' id='word_1_227' title='bbox 249 3403 339 3464; x_wconf 82' lang='lat' dir='ltr'>iudex</span> <span class='ocrx_word' id='word_1_228' title='bbox 360 3405 393 3464; x_wconf 92' lang='lat' dir='ltr'>in</span> <span class='ocrx_word' id='word_1_229' title='bbox 416 3404 547 3475; x_wconf 79' lang='lat' dir='ltr'>Quinctii</span> <span class='ocrx_word' id='word_1_230' title='bbox 570 3423 674 3480; x_wconf 88' lang='lat' dir='ltr'>causa,</span> <span class='ocrx_word' id='word_1_231' title='bbox 699 3397 814 3484; x_wconf 88' lang='grc'><strong>688166</strong></span> <span class='ocrx_word' id='word_1_232' title='bbox 838 3407 961 3480; x_wconf 89' lang='lat' dir='ltr'>praetor</span> <span class='ocrx_word' id='word_1_233' title='bbox 984 3402 1112 3480; x_wconf 88' lang='lat' dir='ltr'>quaesti-</span> 
     </span>
     <span class='ocr_line' id='line_1_31' title="bbox 103 3485 1112 3576; baseline -0.007 -22"><span class='ocrx_word' id='word_1_234' title='bbox 103 3493 167 3554; x_wconf 86' lang='lat' dir='ltr'>onis</span> <span class='ocrx_word' id='word_1_235' title='bbox 187 3495 223 3553; x_wconf 90' lang='lat' dir='ltr'>dc</span> <span class='ocrx_word' id='word_1_236' title='bbox 242 3494 359 3554; x_wconf 85' lang='lat' dir='ltr'>ambitu</span> <span class='ocrx_word' id='word_1_237' title='bbox 378 3486 497 3576; x_wconf 86' lang='lat' dir='ltr'>(Cicero</span> <span class='ocrx_word' id='word_1_238' title='bbox 515 3514 570 3571; x_wconf 91' lang='lat' dir='ltr'>pro</span> <span class='ocrx_word' id='word_1_239' title='bbox 589 3493 729 3554; x_wconf 81' lang='lat' dir='ltr'>Cluentio</span> <span class='ocrx_word' id='word_1_240' title='bbox 748 3495 799 3568; x_wconf 84' lang='lat'>53,</span> <span class='ocrx_word' id='word_1_241' title='bbox 819 3485 905 3572; x_wconf 87' lang='grc'><strong>147),</strong></span> <span class='ocrx_word' id='word_1_242' title='bbox 924 3492 1112 3551; x_wconf 85' lang='lat' dir='ltr'>consulatum</span> 
     </span>
     <span class='ocr_line' id='line_1_32' title="bbox 102 3573 1108 3664; baseline -0.005 -22"><span class='ocrx_word' id='word_1_243' title='bbox 102 3602 162 3643; x_wconf 90' lang='lat' dir='ltr'>non</span> <span class='ocrx_word' id='word_1_244' title='bbox 189 3583 291 3660; x_wconf 91' lang='lat' dir='ltr'>petiit,</span> <span class='ocrx_word' id='word_1_245' title='bbox 321 3586 357 3643; x_wconf 92' lang='lat' dir='ltr'>ut</span> <span class='ocrx_word' id='word_1_246' title='bbox 379 3583 453 3643; x_wconf 88' lang='lat' dir='ltr'>iuris</span> <span class='ocrx_word' id='word_1_247' title='bbox 477 3583 536 3643; x_wconf 84' lang='lat' dir='ltr'>arti</span> <span class='ocrx_word' id='word_1_248' title='bbox 558 3583 674 3644; x_wconf 83' lang='lat' dir='ltr'>viveret</span> <span class='ocrx_word' id='word_1_249' title='bbox 698 3573 814 3664; x_wconf 80' lang='lat' dir='ltr'>(Cicero</span> <span class='ocrx_word' id='word_1_250' title='bbox 838 3582 876 3640; x_wconf 90' lang='lat' dir='ltr'>ad</span> <span class='ocrx_word' id='word_1_251' title='bbox 895 3580 986 3639; x_wconf 84' lang='lat' dir='ltr'>Attio.</span> <span class='ocrx_word' id='word_1_252' title='bbox 1004 3583 1075 3658; x_wconf 87' lang='lat'><strong>1,1,</strong></span> <span class='ocrx_word' id='word_1_253' title='bbox 1093 3582 1108 3637; x_wconf 93' lang='lat'><strong>1</strong></span> 
     </span>
    </p>
   </div>
   <div class='ocr_carea' id='block_1_8' title="bbox 1190 3664 1250 3680">
    <p class='ocr_par' dir='ltr' id='par_1_8' title="bbox 1190 3664 1250 3680">
     <span class='ocr_line' id='line_1_33' title="bbox 1190 3664 1250 3680; baseline 0 0"><span class='ocrx_word' id='word_1_254' title='bbox 1190 3664 1250 3680; x_wconf 56' lang='grc' dir='ltr'>Δ..</span> 
     </span>
    </p>
   </div>
   <div class='ocr_carea' id='block_1_9' title="bbox 0 0 1309 3908">
    <p class='ocr_par' dir='ltr' id='par_1_9' title="bbox 0 0 1309 3908">
     <span class='ocr_line' id='line_1_34' title="bbox 0 0 1309 3908; baseline 0 0"><span class='ocrx_word' id='word_1_255' title='bbox 0 0 1309 3908; x_wconf 95' lang='lat' dir='ltr'> </span> 
     </span>
    </p>
   </div>
  </div>
 </body>
</html>
