2614 3914
196 183 261 246 368
288 183 360 238 VIII.
375 181 728 239 ocrsv1snac.1ua1s
744 181 918 240 CONSULT.
929 183 1055 238 suasus
1070 185 1207 242 TERTIA
1287 271 1289 308 ,

1287 319 1289 372 l

426 451 467 532 4.
504 455 659 528 AULUS
688 455 973 529 CASCELLIUS

284 619 363 678 circa
387 611 535 695 stollas
558 621 656 695 natus,
681 637 700 677 a
722 617 869 696 Volcatio,
893 618 927 689 Q.
945 619 1036 681 Mucii
1060 621 1206 699 auditore,

1287 567 1289 616 l

195 707 361 767 instructus
380 697 472 788 (Plin.
490 707 520 765 h.
538 725 567 764 n.
586 709 616 782 8,
635 709 687 784 40,
709 709 784 766 144:
808 701 991 768 ‘Volcatium
1015 707 1068 786 qui
1087 707 1207 770 Cascel·
1288 719 1289 722 ’

195 796 271 854 lium
299 796 346 855 ius
374 795 462 854 civile
491 789 612 854 docuit'.
662 795 844 872 Pomponius
875 794 894 872 ξ
919 798 974 858 45:
1002 791 1074 856 ‘fuit
1101 799 1209 858 eodem

195 888 329 960 tempore
357 889 388 942 et
411 883 584 961 Trebatius,
611 883 663 962 qui
690 884 769 943 idem
793 884 912 945 Corneli
936 885 1058 946 Maximi
1084 887 1208 947 auditor

195 974 267 1050 fuit,
290 972 388 1032 Aulus
416 971 594 1050 Cascellius,
622 972 752 1042 Quintus
779 973 896 1034 Mucius
919 974 1036 1035 Volusii
1064 970 1208 1049 auditor',

196 1081 272 1138 quae
300 1062 392 1122 verba
418 1061 583 1120 Mommsen
611 1061 652 1120 sic
679 1063 779 1138 potius
807 1062 964 1123 scribenda
992 1083 1056 1124 esse
1084 1065 1207 1124 conicit:

196 1145 312 1220 ‘omns
339 1149 431 1209 Mucii
459 1149 605 1208 auditoris
632 1149 765 1210 Volcacii
792 1145 951 1230 auditor'),
979 1159 1049 1212 ante
1079 1147 1206 1234 sallas

195 1242 346 1315 quaestor,
369 1240 499 1298 fortasse
516 1242 647 1314 praetor,
671 1257 740 1298 cum
758 1240 860 1300 iudicii
878 1240 1057 1302 Cascelliani
1076 1234 1157 1318 (Gai.
1177 1245 1207 1320 4,

198 1329 270 1388 166.
287 1317 366 1406 169)
385 1331 489 1386 auctor
507 1327 612 1386 haberi
628 1329 732 1406 possit,
751 1347 933 1406 quamquam
946 1330 1132 1408 Pomponius
1147 1332 1167 1390 l.
1182 1350 1205 1391 c.

73 1463 77 1474 .
195 1418 287 1494 negat
306 1408 392 1496 (ruis
409 1419 511 1475 autem
530 1417 720 1494 quaestorius
738 1435 795 1476 nec
812 1417 892 1478 ultra
909 1419 1053 1494 proficere
1071 1412 1207 1502 voluit')‚

197 1497 278 1584 681)
284 1507 322 1565 73
350 1505 431 1564 inter
458 1509 609 1565 senatores
637 1505 690 1584 qui
714 1506 746 1565 in
769 1505 822 1567 SC.
846 1507 882 1566 de
905 1505 1025 1584 Oropiis
1049 1509 1206 1570 scribendo

195 1594 358 1653 adfuerunt
381 1592 520 1672 (Hermes
538 1595 593 1653 XX
620 1616 648 1672 p.
668 1597 730 1655 281
761 1587 1045 1656 cramelenus
1066 1617 1096 1674 p.
1118 1591 1207 1679 172),

195 1682 423 1744 triumvirorum
453 1686 587 1759 tempore
616 1679 745 1744 ‘nullius
778 1687 832 1743 aut
862 1685 963 1762 gratia
992 1690 1047 1745 aut
1074 1688 1206 1746 auotori-

195 1775 260 1832 tate
283 1772 423 1848 compelli
444 1775 577 1850 poterat,
603 1775 639 1831 ut
663 1773 698 1831 de
721 1773 824 1850 aliqua
852 1791 954 1833 earum
982 1793 1097 1850 rernm,
1130 1795 1206 1852 quas

195 1861 347 1920 triumviri
375 1861 530 1939 dederant,
559 1863 720 1921 formulam
742 1855 945 1938 componeret'
968 1856 1050 1944 (Vel
1073 1863 1153 1924 Man.
1179 1867 1207 1941 6,

196 1952 225 2026 2,
247 1942 313 2030 12),
336 1951 374 2009 ab
397 1949 524 2010 Horatio
547 1951 578 2008 in
601 1949 678 2010 libro
702 1951 739 2009 de
762 1953 827 2010 arte
850 1951 968 2027 poetica
991 1945 1058 2032 (aut
1078 1948 1207 2032 ssssno

196 2043 250 2098 aut
283 2042 415 2098 extrema
453 2042 559 2115 poetae
597 2034 700 2117 746βὸ
738 2040 853 2100 mortui
888 2043 989 2100 aetate
1022 2042 1206 2118 conscripto:

196 2127 478 2187 Teuffel-Schwabe
511 2125 530 2202 ξ
556 2129 634 2204 287,
659 2119 692 2208 7)
724 2128 866 2188 laudatus
900 2121 941 2210 (v.
966 2131 1030 2190 368
1045 2149 1087 2206 sq.
1117 2123 1204 2190 ‘con-

196 2215 294 2274 sultus
325 2215 400 2274 iuris
433 2218 464 2274 et
491 2218 575 2275 actor
602 2233 761 2275 causarum
787 2217 944 2278 mediocris
976 2219 1062 2277 abest
1088 2219 1206 2280 virtute

196 2303 301 2362 diserti
323 2304 468 2362 Messalae
496 2323 551 2364 nec
579 2305 636 2364 scit
658 2309 806 2382 quantum
829 2305 994 2366 Cascellius
1016 2308 1129 2387 Aulus,
1154 2309 1207 2367 sed

195 2396 296 2451 tamen
314 2392 346 2450 in
363 2393 460 2468 pretio
479 2386 561 2473 est').
603 2391 801 2456 Octavianum
819 2394 993 2472 Augustum
1014 2397 1207 2456 consulatum

195 2480 224 2540 ei
246 2480 390 2541 obtulisse
409 2481 592 2558 Pomponius
611 2480 688 2558 §45
712 2487 823 2544 namot.
861 2479 940 2543 ‘cum
958 2485 1056 2544 multa
1074 2485 1110 2544 de
1129 2489 1203 2546 tem·

195 2569 318 2647 poribus
341 2571 466 2631 liberius
489 2573 663 2649 loqueretur
685 2573 831 2649 amicique
854 2593 891 2632 ne
914 2573 946 2632 id
968 2575 1081 2633 faceret
1102 2594 1205 2635 mone-

195 2663 275 2732 rent,
304 2660 378 2720 duas
405 2679 466 2739 res,
494 2681 570 2737 quae
597 2661 768 2722 hominibus
794 2662 998 2722 amarissimae
1021 2663 1206 2740 viderentur,

195 2767 336 2824 magnam
359 2749 418 2808 sibi
440 2750 591 2809 licentiam
614 2750 756 2826 praebere
779 2751 942 2828 respondit,
966 2755 1151 2812 senectutem
1175 2757 1205 2812 et

195 2831 366 2896 orbitatem’
396 2830 476 2917 (Vel.
494 2838 571 2898 Max.
595 2839 615 2898 1.
634 2830 688 2920 c.);
718 2839 845 2916 denique
874 2840 905 2898 in
931 2839 1075 2900 honorem
1101 2839 1206 2910 Quinti

197 2922 286 2982 Mucii
308 2924 448 2984 Publium
471 2925 604 2986 Mucium
629 2929 768 3002 nepotem
791 2929 855 2988 eius
878 2931 1058 2990 testamento
1081 2929 1205 3008 reliquit

194 3011 334 3072 heredem
356 3008 551 3092 (Pomponius
574 3015 593 3074 l.
613 3009 660 3092 a).

284 3099 464 3161 Cascellium
490 3121 551 3162 non
573 3103 660 3162 modo
684 3103 852 3164 Macrobius
876 3108 905 3185 2,
926 3108 990 3183 6,1
1022 3099 1113 3166 ‘iuris
1136 3126 1204 3167 con-

195 3192 309 3251 sultum
331 3190 512 3251 urbanitatis
534 3192 628 3250 mirae
647 3189 876 3272 libertatisque’,
899 3194 952 3254 sed
969 3193 1036 3254 Val.
1055 3195 1204 3256 Maximus

194 3280 213 3340 l.
234 3300 257 3340 o.
281 3279 372 3340 etiam
395 3273 505 3340 ‘virum
528 3280 603 3340 iuris
627 3281 723 3342 civilis
747 3282 873 3342 scientia
895 3277 1021 3343 clarum'
1040 3285 1204 3360 praedicat.

195 3362 396 3442 ‘Trebatius'‚
422 3371 458 3430 ut
481 3370 663 3447 Pomponius
690 3369 772 3447 §45
801 3372 857 3450 ait,
886 3366 1026 3447 ‘peritior
1049 3371 1205 3452 Cascellio,

194 3457 358 3520 Cascellius
380 3459 522 3520 Trebatio
541 3461 728 3538 eloquentior
745 3461 838 3522 fuisse
856 3461 974 3538 dicitur,
994 3459 1101 3521 Ofilius
1119 3466 1205 3524 utro-

194 3567 251 3622 que
275 3541 410 3610 doctior'.
926 3577 929 3586 ,
