2598 3910
432 226 454 277 1.
477 219 508 275 P.
523 219 688 275 ALFENUS
701 220 828 286 ‚vlnus
1069 223 1134 287 325

125 383 293 468 respondit
319 405 427 448 rerum
455 383 634 448 locatarum
660 382 723 448 duo
753 404 871 468 genera
899 405 984 465 esse,
1012 390 1049 448 ut
1079 390 1135 450 aut

125 473 210 538 idem
230 472 423 551 redderetur,
446 473 540 537 sicuti
558 493 630 536 cum
649 472 841 537 vestimenta
859 473 975 537 fulloni
993 474 1135 538 curanda

125 563 321 647 locarentur,
343 564 399 636 aut
418 561 559 625 eiusdem
578 561 706 644 generis
725 560 920 646 redderetur,
940 562 1043 626 veluti
1062 584 1134 628 cum

125 655 295 736 argentum
326 651 512 734 pusulatum
541 649 634 714 fabro
670 649 813 733 daretur,
846 655 883 714 ut
909 672 986 715 vasa
1013 651 1135 734 fierent,

126 743 183 805 eut
209 761 336 822 aurum,
362 742 400 803 ut
423 738 525 803 anuli:
552 761 591 803 ex
614 739 780 821 superiore
803 761 900 804 eausa
922 761 990 804 rem
1014 739 1136 806 domini

125 849 269 911 manere,
299 850 338 892 ex
369 828 548 910 posteriore
580 828 614 891 in
646 827 802 892 creditum
834 828 884 894 iri.
939 828 1023 892 idem
1056 829 1135 892 iuris

126 939 198 982 esse
227 918 261 980 in
289 916 448 1001 deposito:
479 939 555 981 nam
579 917 607 980 si
635 917 706 1000 quis
735 918 904 999 pecuniam
931 920 1134 982 numeratam

125 1007 174 1070 ita
200 1005 415 1090 deposuisset,
446 1010 483 1071 ut
513 1027 618 1089 neque
648 1005 771 1070 clusam
799 1025 900 1089 neque
929 1006 1134 1091 obsignatam

125 1094 282 1177 traderet,
316 1093 371 1159 sed
404 1094 640 1178 adnumeraret,
676 1094 759 1158 nihil
795 1093 881 1158 aliud
914 1117 986 1159 eum
1020 1094 1135 1160 debere

126 1183 212 1268 apud
245 1205 340 1266 quem
372 1183 520 1267 deposita
552 1187 636 1248 esset
667 1182 730 1247 nisi
761 1183 951 1248 tantundem
981 1185 1135 1268 pecuniae

127 1273 261 1337 solvere.
298 1271 472 1336 secundum
491 1293 572 1356 quae
590 1272 690 1336 videri
708 1271 852 1336 triticum
872 1271 995 1337 factum
1011 1271 1134 1338 Saufeii

126 1365 159 1425 et
182 1365 268 1425 recte
291 1361 411 1425 datum.
457 1361 543 1445 quod
567 1362 595 1425 si
619 1362 794 1444 separatim
817 1361 939 1425 tabulis
963 1365 1019 1426 aut
1041 1362 1134 1426 hero·

95 1459 98 1464 '
126 1450 222 1514 nibus
246 1449 357 1514 autin
381 1449 446 1514 alia
469 1471 551 1532 cupa
574 1449 699 1514 clusum
721 1449 971 1534 uniuscuiusque
991 1451 1136 1516 triticum

126 1539 255 1621 fuisset,
281 1539 329 1602 ita
356 1543 393 1602 ut
420 1538 595 1602 internosci
622 1542 734 1621 posset
761 1537 836 1622 quid
863 1539 1016 1623 cuiusque
1041 1543 1136 1624 esset,

125 1649 192 1691 non
214 1628 359 1710 potuisse
382 1626 529 1691 nautam¹
554 1627 826 1710 permutationem
849 1627 964 1712 facere,
987 1628 1042 1692 sed
1065 1632 1136 1693 tum

73 1740 77 1803 ζ
125 1737 222 1800 posse
247 1737 320 1779 eum
344 1716 435 1780 cuius
458 1715 573 1780 fuisset
594 1716 739 1780 triticum
762 1715 848 1799 quod
867 1719 967 1780 nauta
986 1717 1136 1781 solvisset

126 1805 298 1870 vindicare.
331 1808 363 1868 et
378 1803 450 1869 ideo
471 1826 504 1869 se
523 1804 707 1888 improbare
726 1804 868 1869 actiones
888 1805 996 1870 oneris
1016 1805 1134 1870 aversi:

126 1894 202 1978 quia
235 1895 302 1958 sive
335 1893 402 1958 eius
436 1893 564 1978 generis
596 1898 704 1958 essent
736 1913 871 1972 merces,
904 1915 985 1978 quae
1016 1898 1134 1958 nautae

124 1982 342 2061 traderentur,
371 1985 407 2046 ut
438 1983 590 2047 continuo
618 1981 686 2046 eius
714 1982 828 2046 fierent
855 1985 888 2046 et
916 1987 1075 2048 mercator
1101 1983 1135 2047 in

125 2071 282 2136 creditum
300 2071 371 2153 iret,
390 2092 456 2135 non
475 2070 637 2136 videretur
655 2093 736 2136 onus
755 2093 825 2136 esse
844 2093 1001 2155 aversum,
1015 2071 1135 2156 quippe

124 2160 211 2244 quod
242 2163 361 2224 nautae
393 2159 520 2224 fuisset:
554 2161 620 2225 sive
654 2160 765 2224 eadem
797 2182 863 2244 res,
900 2182 982 2245 quae
1013 2161 1135 2226 tradita

125 2252 225 2332 esset,
252 2247 342 2313 reddi
370 2248 513 2327 deberet,
544 2248 623 2314 furti
653 2271 723 2313 esse
750 2249 912 2314 actionem
938 2250 1075 2316 locatori
1101 2254 1135 2314 et

124 2339 196 2402 ideo
230 2359 463 2420 supervacuum
496 2359 566 2402 esse
597 2337 751 2403 iudicium
779 2339 885 2402 oneris
914 2340 1027 2404 aversi.
1078 2338 1135 2404 sed

125 2426 154 2490 si
181 2427 230 2490 ita
257 2425 367 2490 datum
391 2430 489 2508 esset,
519 2431 553 2490 ut
579 2427 613 2490 in
637 2426 735 2490 simili
758 2447 793 2490 re
817 2427 900 2492 solvi
922 2429 1036 2512 possit,
1060 2451 1134 2494 con-

125 2515 289 2580 ductorem
317 2514 446 2597 culpam
474 2514 642 2579 dumtaxat
667 2515 796 2599 debere,
820 2538 897 2580 narn
920 2518 954 2580 in
977 2538 1025 2600 re,
1053 2539 1134 2600 quae

124 2603 293 2689 utriusque
321 2625 417 2668 causa
444 2603 703 2687 contraheretur,
730 2604 858 2688 culpam
882 2604 1004 2686 deberi,
1030 2627 1134 2689 neque

126 2691 313 2758 omnimodo
337 2691 464 2775 culpam
489 2713 573 2776 esse,
601 2692 686 2777 quod
710 2693 767 2756 uni
790 2692 982 2770 reddidisset
1007 2714 1044 2756 ex
1067 2694 1135 2758 fru-

125 2784 250 2864 mento,
278 2781 431 2865 quoniam
459 2780 555 2845 alicui
582 2781 721 2864 primum
751 2780 883 2845 reddere
907 2803 980 2847 eum
1002 2803 1134 2847 necesse

124 2870 255 2954 fuisset,
287 2870 418 2933 tametsi
455 2869 622 2934 meliorem
660 2870 728 2934 eius
765 2871 983 2936 condicionem
1015 2870 1146 2936 faceret'

125 2981 223 3042 quam
247 2961 434 3023 ceterorum.

213 3079 250 3138 cf.
274 3077 371 3138 Servii
393 3097 537 3154 responsa
562 3080 633 3138 135.

439 3248 482 3302 De
499 3249 600 3303 damac
618 3249 727 3303 iniuria
745 3250 818 3304 doto,

216 3348 287 3412 105.
316 3346 354 3410 D.
374 3347 403 3428 9,
422 3348 452 3427 2,
471 3347 527 3427 52,
546 3349 576 3411 2.
609 3349 744 3412 Alfenus
768 3350 851 3414 libro
876 3352 1015 3416 secundo
1037 3350 1136 3438 Dige-

125 3441 250 3503 storum
285 3434 334 3522 (P.
355 3437 388 3518 7,
408 3433 453 3520 2).
508 3435 546 3499 ln
579 3437 660 3501 olivo
694 3435 880 3520 Capitolino
914 3439 976 3505 duo
1008 3441 1136 3523 plostra

197 3599 211 3647 1
231 3593 310 3648 Flor.
328 3609 379 3648 nos
398 3593 548 3648 emendavit
567 3594 632 3649 Aut.
652 3595 751 3650 Faber.
