2588 3908
931 4 1290 15 Ἴν’--·-ν--ῇ-ῄ-..

357 217 382 268 8.
409 211 562 268 SERVIUS
582 211 765 270 SULPICIUS
784 213 902 269 RUFUS
1074 215 1136 278 lIl

120 379 220 464 ginta
261 377 378 441 debere
420 375 557 440 Alfenus
593 369 700 441 Varus
743 375 890 442 Servium
932 377 1136 461 respondisse

121 465 250 548 scribit,
270 466 346 551 quia
364 464 533 548 proposita
552 487 679 529 summa
693 466 930 551 quinquaginta
944 467 1069 532 adiecta
1086 468 1137 532 sit.

217 556 267 619 11.
296 553 335 620 D.
358 553 436 618 ibid.
459 555 479 634 ξ
500 554 528 618 1.
573 551 681 618 Labeo
704 554 782 620 ibid.
806 553 854 640 (P.
876 551 963 642 178).
989 591 1028 601 -
1052 555 1137 620 Item

123 645 156 710 ei
193 665 276 728 quae
312 643 420 708 dotem
456 643 578 707 nullam
609 642 763 727 habebat,
802 643 850 709 vir
882 643 928 709 sie
959 645 1137 729 legaverat:

122 733 265 818 ‘quanta
297 732 432 818 pecunia
464 731 547 797 dotis
579 731 725 796 nomine'
753 736 787 797 et
817 733 955 818 reliqua,
988 733 1066 817 ‘pro
1098 755 1137 798 ea

122 822 362 906 quinquaginta
388 820 481 884 heres
510 819 610 885 datc'.
656 821 766 886 deberi
794 821 823 886 ei
850 823 994 908 legatum
1020 821 1135 887 Ofilius

124 909 313 990 Cascellius,
332 910 411 975 item
429 911 463 973 et
478 906 581 974 Servii
599 909 762 976 audItores
777 911 985 976 rettulerunt:
1003 911 1136 994 perinde

121 999 309 1064 habendum
337 1019 408 1064 esse
435 1019 472 1062 ac
500 998 528 1062 si
555 1019 666 1064 servus
694 998 791 1063 alicui
818 1003 964 1064 mortuus
993 1004 1049 1064 ant
1076 1023 1135 1084 pro

122 1109 163 1154 eo
187 1091 316 1153 eentum
339 1088 448 1172 legata
471 1090 587 1152 essent.

511 1241 556 1298 De
573 1244 634 1300 dote
652 1245 748 1315 legato.

217 1355 267 1419 12.
299 1353 339 1419 Ι).
358 1353 409 1436 35,
430 1353 459 1436 1,
478 1353 531 1418 28.
560 1352 681 1417 Paulus
708 1353 793 1418 libro
818 1354 957 1419 secundo
980 1357 1137 1440 epitoma·

91 1459 95 1464 ·
122 1465 197 1507 rum
220 1441 330 1506 Alfeni
354 1441 565 1526 Digestorum
588 1438 638 1528 (P.
658 1438 725 1526 86).
767 1441 869 1507 Filiae
892 1465 969 1508 suae
991 1445 1039 1508 ita
1063 1445 1134 1528 quis

123 1533 262 1615 legavit:
294 1531 339 1595 ‘si
357 1530 450 1596 Attia
472 1530 540 1594 filia
562 1551 634 1594 mea
657 1531 819 1595 arbitratu
841 1531 931 1596 Lucii
954 1532 1032 1596 Titii
1055 1554 1135 1617 nup·

122 1622 213 1704 serit,
236 1621 265 1684 ei
288 1623 339 1684 tot
361 1619 455 1684 heres
479 1640 569 1683 meus
593 1617 691 1683 dato'.
736 1619 822 1684 Titio
845 1623 920 1684 ante
943 1624 1134 1686 testatorem

121 1712 252 1774 mortuo
280 1707 374 1774 Attia
400 1711 568 1792 nupserat:
603 1707 831 1793 quaerebatur,
864 1731 905 1773 an
932 1709 1076 1793 legatum
1104 1711 1135 1774 ei

122 1799 304 1862 deberetur.
348 1796 517 1882 respondit
539 1795 657 1862 deberi.

491 1953 535 2008 De
548 1914 657 2024 peculio
675 1955 770 2024 legato.

214 2063 264 2128 13.
288 2061 327 2127 D.
341 2063 394 2143 33,
408 2063 439 2148 8,
454 2063 504 2127 14.
535 2063 671 2128 Alfenus
685 2062 792 2128 Varus
810 2063 894 2129 libro
909 2063 1021 2149 quinto
1036 2063 1134 2149 Dige-

122 2159 248 2220 storum
266 2149 316 2238 (P.
331 2148 398 2239 20).
440 2151 578 2228 Quidam
600 2151 635 2216 in
657 2156 852 2217 testamento
876 2154 924 2218 ita
948 2155 1134 2237 scripserat:

123 2241 328 2325 ‘Pamphilus
359 2261 471 2306 servus
498 2262 588 2304 meus
611 2242 774 2326 peculium
798 2263 891 2306 suum
918 2264 990 2307 cum
1013 2243 1134 2308 moriar

123 2333 186 2397 sibi
204 2331 324 2395 habeto
343 2329 489 2412 liberque
508 2328 600 2394 esto'.
637 2331 874 2415 consulebatur,
891 2335 1020 2396 rectene
1038 2330 1134 2396 Pam-

122 2420 215 2505 philo
243 2418 405 2503 peculium
433 2419 578 2501 legatum
605 2418 778 2502 videretur,
812 2420 898 2504 quod
920 2420 1011 2504 prius
1036 2443 1133 2505 quam

122 2510 207 2574 liber
225 2511 312 2573 esset
329 2505 490 2592 peculium
510 2507 572 2570 sibi
586 2507 704 2570 habere
723 2507 830 2572 iussus
845 2515 939 2572 esset.
966 2510 1134 2593 respondit

121 2598 156 2663 iu
186 2596 465 2662 coniunctionibus
493 2595 637 2660 ordinem
664 2595 790 2659 nullum
817 2617 887 2659 esse
915 2617 1016 2680 neque
1046 2599 1133 2682 quic-

123 2708 222 2772 quam
249 2686 421 2769 Interesse,
453 2687 562 2749 utrum
589 2705 699 2748 eorum
726 2684 866 2767 primurn
894 2684 1053 2749 diceretur
1077 2691 1134 2751 aut

123 2775 331 2840 scriberetur:
350 2794 449 2858 quare
467 2777 553 2838 recte
572 2771 733 2856 peculium
751 2773 894 2857 legatum
913 2773 1014 2837 videri
1035 2775 1085 2854 [ac
1104 2775 1133 2839 si

121 2865 213 2950 prius
230 2863 312 2927 liber
326 2883 405 2944 esse,
423 2862 537 2926 deinde
550 2861 712 2944 peculium
728 2861 792 2925 sibi
806 2861 923 2926 habere
937 2861 1045 2927 iussus
1060 2865 1133 2944 est].

214 2952 264 3017 14.
297 2949 334 3016 D.
358 2952 415 3034 33,
434 2952 467 3034 8,
490 2949 539 3015 15.
593 2949 683 3014 Idem
716 2947 867 3033 (Alfenus
894 2948 1017 3038 Varus)
1047 2953 1132 3018 libro

123 3041 262 3107 seeundo
290 3038 501 3124 Digestorum
534 3062 553 3104 a
580 3037 682 3103 Panlo
712 3041 961 3124 epItomatorum
990 3039 1040 3127 (P.
1062 3039 1132 3128 46).

123 3129 222 3196 Servo
248 3129 447 3194 manumisso
471 3129 632 3213 peculium
651 3129 802 3212 legatum
826 3132 907 3194 erat:
937 3130 1002 3194 alio
1027 3131 1132 3214 capite

122 3241 234 3286 omnes
262 3217 397 3282 ancillas
424 3239 498 3282 suas
521 3218 614 3283 uxori
636 3217 813 3302 legaverat:
841 3219 874 3282 in
898 3219 1023 3301 peculio
1047 3217 1132 3284 servi

82 3343 86 3350 ·
123 3308 244 3373 ancilla
270 3307 341 3371 fuit.
387 3307 472 3370 servi
499 3327 570 3370 eam
593 3327 664 3371 esse
686 3305 853 3390 respondIt
875 3328 979 3390 neque
1002 3307 1130 3391 referre,

123 3398 187 3462 utri
209 3397 300 3480 prins
323 3396 468 3478 legatum
491 3398 585 3459 esset.

127 3533 131 3540 ·
213 3484 264 3551 15.
292 3484 332 3549 D.
346 3485 399 3564 40,
415 3485 443 3562 1,
458 3483 488 3549 6.
514 3483 650 3548 Alfenus
664 3481 771 3546 Varus
794 3483 876 3546 libro
896 3485 1011 3565 quarto
1031 3481 1132 3566 DIge-

123 3578 248 3640 storum
268 3570 319 3659 (P.
336 3569 401 3658 17).
434 3569 551 3636 Servus
569 3572 738 3655 pecuniam
757 3571 797 3635 ob
817 3570 999 3634 libertatem
1016 3577 1131 3653 pactus
