2598 3910
434 216 456 264 1.
480 210 509 265 P.
525 209 690 266 ALFENUS
711 209 830 265 VARUS
1071 210 1135 275 327

125 374 292 438 lucernam
319 374 509 458 reposcebat
537 377 570 438 ιι
595 373 775 458 fugientem
790 373 973 438 retinebat:
1000 373 1054 437 ille
1078 373 1134 438 fia·

126 463 225 546 gello,
258 462 343 546 qnod
374 463 410 526 in
436 485 533 527 manu
561 462 717 542 habebat,
748 463 784 525 in
810 483 873 545 qno
903 461 996 527 dolor
1022 462 1136 547 inerat,

124 551 296 617 verberare
319 551 539 617 tabernarium
563 554 723 634 coeperat,
745 553 783 614 ut
806 572 839 615 se
859 549 1015 615 mitteret:
1039 572 1078 615 ox
1097 573 1135 616 eo

125 639 248 704 maiore
272 635 342 704 rixa
364 639 452 706 facta
474 639 679 705 tabernarius
704 639 742 724 ei,
766 638 821 723 qui
842 640 1008 704 lucernam
1029 643 1135 704 anstu-

18 749 21 754 ·
123 729 221 812 lerat,
246 728 374 794 oculum
397 730 567 794 (effuderam¹
588 728 789 810 consulebat,
811 750 889 792 num
912 729 1064 792 damnum
1087 733 1135 791 in·

123 817 211 882 iuria
241 839 307 882 non
337 817 498 883 videretur
530 817 668 900 dedisse,
700 817 853 901 qnoniam
884 816 974 900 prior
1005 815 1135 899 fiagello

123 928 296 991 percussus
324 909 418 972 esset.
463 905 627 990 respondi,
654 904 718 969 nisi
745 905 822 969 data
849 926 948 989 opera
970 904 1136 970 effodisset

125 996 269 1078 oculum,
296 1016 361 1060 non
389 993 491 1059 videri
519 995 672 1059 damnum
702 993 820 1058 iniuria
846 994 974 1077 fecisse,
1007 995 1136 1079 eulpam

126 1083 213 1148 enim
235 1105 335 1168 penes
359 1106 440 1166 eum,
464 1083 518 1167 qui
537 1085 625 1168 prior
643 1083 774 1167 flagello
792 1084 961 1167 percussit,
983 1083 1136 1168 residere;

124 1172 181 1237 sed
205 1171 233 1236 si
256 1173 297 1237 ab
321 1193 358 1238 eo
381 1194 448 1236 non
471 1173 559 1256 prior
582 1173 781 1256 vapulasset,
806 1172 861 1236 sed
885 1194 959 1236 cum
982 1171 1013 1236 ei
1034 1173 1137 1238 lucer-

122 1283 216 1326 uam
237 1261 359 1344 eripere
395 1261 506 1340 vellet,
541 1261 628 1325 rixat
613 1264 666 1326 tus
700 1264 798 1346 esset,
830 1260 1010 1326 tabernarii
1042 1262 1136 1345 culpa

124 1349 194 1414 fact
180 1353 249 1413 tum
272 1349 383 1414 videri.

216 1438 287 1502 107.
319 1437 359 1502 D.
380 1437 456 1502 ibid.
480 1439 537 1519 §4
560 1435 609 1524 (P.
626 1439 643 1502 7
646 1439 713 1520 ,4).
755 1437 834 1504 Dum
859 1439 927 1522 pila
951 1439 1133 1522 complures
1222 1387 1224 1391 v

122 1527 273 1591 luderent
259 1526 430 1612 tquidam
450 1549 488 1591 ex
506 1527 558 1590 his
577 1528 748 1610 servulum,
768 1548 840 1591 enm
857 1527 955 1610 pilam
971 1527 1134 1612 percipere

121 1619 302 1695 conaretur,
324 1616 464 1700 impulit,
488 1637 599 1680 servus
623 1615 738 1680 cecidit
756 1619 789 1680 et
808 1635 879 1680 crus
899 1615 1012 1701 fregit:
1035 1639 1134 1701 quae-

120 1705 263 1788 rebatur,
281 1727 322 1768 an
342 1705 492 1784 dominus
512 1705 630 1769 servuli
649 1705 720 1789 lege
734 1703 866 1788 Aquilia
885 1725 956 1768 oum
974 1726 1022 1788 ιι,
1041 1707 1133 1770 euius

63 1802 67 1810 ’
120 1794 262 1878 impulsu
285 1794 456 1873 ceciderat,
484 1813 579 1878 egere
603 1797 719 1876 potest.
764 1792 915 1876 respondi
937 1815 1004 1858 non
1026 1815 1134 1878 posse,

120 1903 195 1946 cnm
218 1904 295 1946 casu
318 1882 423 1967 magis
447 1904 543 1967 qnam
567 1881 662 1966 culpa
685 1881 846 1946 videretur
867 1880 1000 1946 factum.

212 1971 283 2036 108.
315 1969 355 2035 D.
373 1970 450 2036 ibid.
468 1993 515 2056 pr.
543 1968 591 2058 (P.
612 1972 709 2054 ipa).
755 1969 790 2036 Si
818 1991 856 2034 ex
884 1970 989 2055 plagis
1018 1931 1153 2036 servus

120 2067 267 2125 mortuus
295 2064 381 2124 esset
407 2081 509 2144 neque
537 2060 570 2124 id
593 2060 709 2124 medici
731 2059 903 2124 inscientia
926 2063 982 2124 aut
1006 2059 1131 2124 domini

120 2149 328 2234 neglegentia
368 2149 546 2231 accidisset,
586 2152 673 2214 recte
641 2148 754 2212 tede
795 2149 914 2212 iniuria
950 2149 1055 2214 occiso
1093 2171 1131 2214 eo

7 2323 12 2332 ⁵
123 2237 273 2323 agi[tnr].

213 2327 285 2391 109.
318 2325 357 2390 D.
376 2325 411 2412 9,
430 2326 464 2406 2,
488 2325 542 2408 29,
560 2327 590 2390 4.
636 2325 796 2412 Ulpianus
824 2327 907 2392 libro
937 2329 1052 2393 octavo
1081 2327 1137 2394 de-

121 2415 205 2480 cimo
234 2415 273 2478 ad
299 2413 383 2480 edict
369 2419 439 2479 tum
463 2410 513 2500 (P.
532 2376 636 2502 925⁶).
683 2413 717 2479 Si
740 2415 832 2478 navis
856 2415 904 2478 alt
891 2419 993 2480 teram
1017 2420 1132 2482 contra

122 2526 156 2568 se
183 2503 365 2568 venientem
393 2503 567 2584 obruisset,
595 2504 712 2567 autin
740 2503 900 2586 gubernat
901 2525 995 2570 orem.
1020 2507 1109 2568 aut'
1099 2529 1135 2570 111

122 2593 308 2658 ducatorem
331 2593 491 2657 actionem
510 2595 691 2676 competere
711 2591 820 2656 damni
839 2591 976 2656 iniuriae
995 2591 1134 2658 Alfenus

122 2682 181 2746 ait:
210 2680 265 2744 sed
294 2680 322 2745 si
349 2683 441 2744 tanta
469 2681 516 2744 vis
545 2681 622 2744 navi
649 2679 735 2744 facta
763 2679 819 2761 sit,
848 2701 929 2764 qnae
957 2683 1136 2764 temperari
1221 2679 1223 2686 ’

123 2791 188 2835 non
211 2769 331 2853 potuit,
354 2770 476 2834 nullam
499 2769 534 2832 iu
557 2768 722 2833 dominum
747 2768 884 2833 dandam
908 2769 1078 2835 actionem.

523 2977 570 3038 De
586 2980 737 3052 pauperie.

213 3098 285 3162 1.10
313 3096 353 3162 D.
371 3097 405 3180 9,
426 3100 458 3180 1,
477 3097 506 3164 5.
543 3096 680 3161 Alfenus
708 3095 793 3161 libro
821 3097 960 3161 secundo
987 3095 1136 3183 Digesto·

121 3209 193 3251 rum
212 3186 261 3271 (Ρ.
276 3183 320 3272 6).
356 3182 468 3270 Agaso
488 3207 559 3250 cnm
577 3186 611 3250 in
629 3186 801 3251 tabernam
820 3207 963 3336 eqnnm't
954 3185 1134 3268 deduceret,

122 3276 244 3340 mulam
282 3296 382 3358 equus
419 3273 542 3357 olfecit,
579 3274 668 3340 mula
696 3274 820 3339 calcem
853 3274 963 3338 reiecit
995 3278 1027 3338 ιι
1060 3295 1133 3338 crus
1227 3306 1230 3310 ·

120 3365 270 3448 agasoni¹
287 3362 400 3447 fregit:
373 3324 621 3427 tconsnlebat
607 3369 674 3442 tur,
706 3365 860 3448 possetne
896 3384 968 3426 oum
1001 3361 1132 3427 domino

42 3545 46 3552 .
122 3454 230 3518 mulae
250 3453 312 3538 agi,
330 3451 416 3535 quod
435 3473 473 3514 ea
491 3452 679 3534 pauperiem
693 3451 831 3516 fecisset.
864 3449 1016 3534 respondi
1030 3473 1137 3536 posse.

213 3573 251 3631 cl.
275 3571 372 3631 Servii
394 3589 537 3648 responsa
563 3573 635 3631 138.

1222 3578 1270 3592 .-
