2598 3910
398 187 421 236 1.
446 183 475 237 P.
490 180 656 236 ALFENUS
675 180 794 235 vasus
1035 180 1099 244 289

1 385 2 391 1
92 351 204 410 diserte
227 350 398 427 laudantur,
423 349 535 409 seilicet
558 349 750 413 aJavoleno
762 348 838 407 libro
853 348 881 406 V
901 349 1101 424 posteriorum

1 447 2 484 ἲ
92 439 243 498 Labeonis
267 430 317 520 (D.
339 440 521 516 28,1,25:
545 431 655 496 ‘Varus
678 437 873 515 Digestorum
895 437 972 496 libro
995 437 1011 495 I
1034 437 1101 496 Ser·

92 528 177 588 vium
196 527 383 602 respondisse
403 517 549 608 scripsit')
566 529 596 585 et
615 525 740 584 aPaulo
759 525 836 584 libro
851 525 894 585 IX
912 525 950 584 ad
969 525 1100 585 edietum

94 609 144 697 (D.
166 619 195 693 3,
216 618 244 691 5,
264 618 373 692 20pr.:
400 609 535 676 ‘Servius
558 615 720 691 respondit,
744 617 778 672 ut
801 616 849 672 est
868 615 997 673 relatum
1020 615 1102 690 apud

92 705 239 766 Alfenum
260 705 337 764 libro
360 705 537 783 trigensimo
560 722 638 763 nono
662 696 891 784 Digestorum').
956 745 958 750 -

93 927 132 1014 ll.
165 922 310 1005 <Servii
333 925 489 1002 Sulpicii
516 925 712 1002 Alfenique
736 925 822 986 Vari
849 943 1103 1000 responsorum

269 1023 311 1084 ab
334 1018 488 1100 Alfeno>
512 1023 736 1102 digestorum
758 1019 847 1082 libri
869 1023 935 1082 XL.

184 1147 278 1206 Index
309 1147 500 1206 Florentinus
536 1147 609 1206 haee
644 1148 749 1206 habet:
782 1139 932 1224 Ἀλφηνοῦ
966 1148 1105 1224 digestos

95 1236 197 1318 βιβλία
223 1233 444 1314 τεσσαράκοντα.
490 1236 542 1312 qui
569 1236 716 1294 librorum
742 1253 884 1296 numerus
913 1237 1106 1296 confirmatur

96 1331 127 1386 et
152 1325 244 1386 Gellii
271 1327 302 1384 et
328 1325 405 1383 Julii
432 1325 521 1383 Pauli
547 1325 739 1384 testimoniis:
772 1335 842 1383 nam
869 1325 920 1384 ille
949 1319 1050 1404 (7,5',
1071 1323 1104 1405 1)

95 1416 209 1474 librum
231 1413 419 1492 trigesimum
443 1417 473 1472 et
496 1415 646 1490 quartum,
668 1413 717 1472 hie
741 1405 790 1492 (D.
811 1415 845 1492 3,
865 1415 894 1492 5,
915 1407 970 1494 20)
995 1415 1106 1474 librum

96 1503 307 1582 trigensimum
338 1521 449 1562 nonum
483 1502 578 1563 affert.
629 1502 827 1561 Tribonianus
858 1521 930 1562 vero
962 1504 994 1562 in
1026 1523 1106 1564 oom-

96 1591 242 1670 ponen'dis
274 1591 406 1669 Digestis
438 1591 568 1668 genuino
601 1589 703 1649 Alfeni
735 1609 823 1666 opere
856 1609 928 1650 usus
960 1611 1020 1652 non
1052 1596 1107 1672 est,

98 1699 281 1758 quamquam
304 1680 440 1757 Krueger
463 1700 491 1754 p.
512 1682 566 1754 64,
591 1680 643 1756 qui
665 1679 762 1738 indice
785 1679 958 1740 Florentino
982 1701 1036 1757 pro
1061 1701 1106 1740 ar·

99 1771 244 1848 gumento
271 1768 381 1844 utitur,
408 1767 497 1827 aliter
523 1768 623 1828 sentit.
669 1771 701 1827 at
715 1769 774 1829 vvel
797 1786 831 1827 eo
855 1768 1004 1828 refellitur
1028 1771 1108 1846 quod

98 1860 269 1936 fragmenta
296 1857 327 1916 in
354 1856 521 1916 Justiniani
543 1857 677 1934 Digestis
699 1857 807 1916 Alfeno
834 1857 986 1934 adscripta
1008 1859 1109 1918 omnia

99 1947 235 2023 priorum
262 1947 381 2004 tantum
409 1948 523 2022 septem
549 1947 609 2006 vel·
626 1948 692 2006 ooto
719 1946 864 2005 librorum
892 1949 974 2025 sunt,
1002 1947 1046 2007 ita
1073 1951 1109 2008 ut

101 2035 312 2112 Tribonianus,
336 2035 362 2094 si
381 2053 413 2092 re
432 2053 504 2093 vera
522 2034 684 2112 genuinum
703 2053 777 2111 opus
795 2035 960 2115 habuisset,
983 2037 1110 2115 triginta

100 2125 233 2201 reliquos
260 2123 354 2182 libros
380 2123 518 2182 reiecisse
540 2115 695 2198 'putandus
720 2125 806 2184 esset.
852 2124 943 2186 immo
967 2126 1111 2186 utebatur
1208 2169 1213 2176 .

101 2212 241 2290 epitomis
260 2214 379 2272 tantum
397 2211 522 2290 duabus,
541 2213 637 2272 altera
655 2213 772 2272 edulio
790 2212 883 2272 Paulo
901 2208 948 2294 (P.
964 2207 1111 2297 31-74)

102 2305 169 2362 ooto
188 2301 283 2376 libris,
302 2301 398 2360 altera
417 2302 454 2360 ab
474 2319 621 2378 anonymo
641 2305 755 2378 septem
771 2295 817 2376 (P.
828 2297 953 2386 4-30)
969 2307 1112 2366 confecta.

102 2409 138 2450 ex
157 2409 217 2468 quo
235 2392 369 2465 tempore
388 2389 535 2464 epitomae
553 2391 725 2466 propositae
743 2394 837 2465 erant,
859 2395 991 2467 genuino
1011 2393 1115 2456 Alfeni

102 2499 192 2556 opere
215 2478 262 2536 uti
284 2479 357 2536 iuris
380 2478 509 2537 consulti
531 2478 590 2537 iam
610 2478 771 2537 desierunt.
812 2478 1024 2565 Tribonianus,
1048 2503 1117 2546 cum

102 2569 304 2644 epitomarum
321 2567 491 2644 fragmenta
507 2567 629 2644 recepit,
648 2567 746 2626 verbis
760 2565 880 2626 traditis
895 2589 957 2632 non
971 2573 1119 2654 pepercit,

101 2656 147 2716 ita
173 2659 209 2714 ut
236 2673 312 2732 quae
340 2656 454 2728 Alfeni,
487 2673 562 2731 quae
595 2655 826 2730 epitomatorum
854 2661 908 2716 aut
938 2659 1123 2727 Tritoniani

104 2746 174 2822 sint,
198 2744 365 2804 discernere
388 2745 439 2805 vix
461 2744 558 2804 lioeet.
1019 2783 1022 2788 -

192 2832 321 2892 Alfenus
339 2833 434 2909 igitur
453 2852 554 2910 aeque,
566 2835 656 2910 atque
671 2830 809 2892 Aufidius
827 2833 971 2904 Namusa
990 2839 1042 2929 (de
1061 2855 1128 2922 quo

104 2941 197 2999 supra
220 2942 248 2997 p.
269 2915 347 3000 276)
370 2921 497 3000 Digesta
519 2921 698 2998 composuit,
724 2921 833 2999 quibus
858 2921 963 2993 Servii
986 2929 1134 3016 inprimis

103 3029 249 3088 responsa
275 3014 463 3086 proponeret.
508 3009 623 3070 addidit
646 3013 676 3069 et
699 3029 754 3070 sue
776 3011 871 3088 ipsius
895 3035 1051 3100 responsa
1072 3030 1139 3086 noo

104 3100 266 3160 defuerunt
284 3099 361 3158 aliae
380 3099 553 3174 sententiae,
572 3100 617 3158 ita
635 3102 671 3158 ut
690 3118 763 3176 opus
781 3119 894 3161 novum
914 3106 970 3174 ius
990 3108 1143 3180 aservio

105 3189 239 3264 Sulpicio
267 3189 415 3248 statutum
437 3189 524 3264 plene
547 3189 687 3248 videatur
709 3190 897 3264 complexum
924 3216 1008 3269 0354,
1054 3205 1148 3268 bene

72 3287 73 3290 ’
104 3278 161 3336 hae
185 3278 222 3336 de
245 3296 277 3336 re
296 3275 419 3336 Pernioe
437 3277 537 3336 Labeo
557 3277 629 3352 1‚2:
653 3277 731 3355 „Des
755 3277 878 3338 Servius
899 3280 1025 3360 Sohu10
1048 3287 1152 3359 batt&

105 3365 138 3425 in
166 3365 223 3428 den
246 3365 391 3442 Digesten
413 3364 519 3424 Alfens
546 3366 633 3424 einen
660 3366 804 3443 gewissen
830 3374 1053 3450 ausserliehen
1076 3373 1162 3444 Ab*

1 3515 2 3518 ,
106 3455 223 3515 sohluss
251 3453 393 3528 erreioht,
422 3455 475 3513 der
501 3454 549 3533 ein
577 3454 707 3513 direktes
736 3453 962 3532 Zurtokgehen
996 3481 1055 3540 a„f
1080 3468 1163 3530 den

105 3542 228 3603 Meister
256 3543 350 3602 selbst
373 3543 458 3603 nieht
479 3543 645 3620 unbedingt
667 3541 796 3618 geboten
818 3544 1012 3627 ersoheinen
1035 3530 1166 3630 Isset-‘⁶

159 3651 256 3700 Iurispr.
270 3651 387 3692 antehsdr.
401 3652 450 3692 rell.
464 3653 499 3692 ed.
512 3653 613 3692 Bremer.
869 3647 903 3698 19
