2602 3912
296 164 319 215 ⁷.
345 159 375 225 Q.
395 159 531 215 Muclus
550 158 579 214 P.
599 160 629 214 F.
648 158 677 214 P.
697 159 731 216 N.
751 159 942 215 SOAEVOLA
1079 161 1120 223 51

201 328 233 399 Q.
261 328 395 388 Mucium
428 327 521 386 etiam
554 326 630 386 iuris
662 327 806 402 pontificii
836 327 929 388 libros
959 329 1123 406 scripsisse,

111 417 191 495 quod
213 417 306 476 Lenel
334 416 373 475 ad
400 415 432 486 Q.
455 415 588 474 Mucium
603 417 642 475 51
664 419 765 491 putat,
788 434 884 493 neque
906 417 1053 476 traditum
1076 421 1123 478 est

14 537 16 600 L
108 525 206 584 neque
230 526 265 566 ex
288 505 334 582 iis,
358 517 433 581 quae
452 505 570 563 Mucius
589 504 626 563 de
646 504 712 563 iure
731 523 814 564 sacro
833 505 942 564 dixisse
961 506 1010 566 vel
1029 507 1121 583 scrip·

14 635 15 642 κ
110 596 185 655 sisse
208 596 319 671 fertur,
346 593 484 654 concludi
506 596 620 668 potest:
649 595 759 652 etenim
781 594 855 652 iuris
880 595 956 653 sacri
978 595 1122 655 instituta

14 749 15 752 Ἴ
109 703 178 743 oum
209 685 275 742 iure
308 683 390 742 civili
418 683 463 741 ita
490 683 649 742 coniuncta
676 685 775 758 erant,
807 685 844 742 ut
869 682 1001 742 Mucium
1029 703 1064 743 ea
1090 685 1122 742 in

14 847 15 856 ἵ
107 773 183 833 iuris
206 773 303 832 civilis
327 771 412 830 libris
437 771 599 846 explicasse
621 771 784 831 verisimile
809 772 855 830 sit.

14 913 15 920 ,
199 860 287 930 Quod
310 860 348 920 ad
375 879 436 936 res,
464 878 539 936 quae
568 859 684 918 Mucius
711 863 836 938 tractat,
864 861 987 938 attinet,
1014 880 1121 937 operae

14 977 15 1038 p
107 951 242 1027 pretium
264 953 311 1009 est
334 967 463 1024 monere,
487 966 636 1024 nusquam
658 951 846 1008 mercaturae
869 952 900 1008 et
922 953 1121 1010 mercatorum

14 1057 16 1092 τ
108 1041 292 1099 mentionem
318 1037 396 1115 fieri,
424 1038 476 1097 sed
503 1037 669 1113 prinoipem
696 1038 796 1097 locum
825 1056 889 1096 rem
918 1039 1061 1098 rusticam
1090 1042 1122 1098 et

14 1139 15 1196 ξ
107 1129 334 1188 matrimonium
367 1128 510 1185 obtinere.
562 1127 666 1203 itaque
699 1126 735 1184 de
768 1146 841 1205 agro
871 1127 993 1187 colendo
1024 1131 1055 1188 et
1085 1128 1121 1188 de

14 1205 15 1284 J
107 1236 199 1294 opere
234 1216 315 1292 quod
349 1216 414 1294 agri
446 1215 561 1274 colendi
593 1233 684 1274 eausa
713 1218 814 1275 aratro
846 1216 961 1275 factum
993 1219 1052 1292 est,
1085 1217 1121 1276 de

14 1359 16 1380 ,
107 1307 198 1366 fossis
222 1323 364 1383 agrorum
384 1305 587 1363 siccandorum
606 1321 697 1363 eausa
714 1304 812 1381 factis,
835 1305 871 1364 de
889 1305 997 1364 itinere
1016 1324 1121 1384 aquae,

14 1383 15 1420 ³
107 1397 144 1456 de
172 1394 372 1456 servitutibus
398 1392 590 1468 praediorum
617 1392 812 1468 rusticorum,
845 1393 881 1452 de
904 1393 1020 1453 familia
1043 1413 1120 1470 quae

14 1537 16 1554 ,
107 1504 182 1562 opus
207 1483 282 1543 facit
304 1482 353 1543 vel
375 1500 435 1540 non
457 1481 539 1558 facit,
562 1481 599 1539 de
621 1484 761 1556 putatore
781 1482 902 1558 arboris,
926 1482 961 1541 de
981 1501 1120 1562 agasone,

108 1573 145 1634 de
167 1575 258 1650 bove,
288 1571 323 1630 ds
347 1589 437 1647 equa,
465 1569 502 1628 de
525 1570 631 1642 ariete,
656 1570 692 1628 de
715 1570 808 1628 fundo
831 1571 945 1646 legato,
970 1571 1006 1631 de
1028 1571 1121 1647 lignis

14 1683 15 1732 j
106 1663 227 1738 legatis,
251 1679 327 1736 quae
350 1659 383 1718 in
405 1658 498 1719 fundo
520 1661 598 1734 sunt,
622 1659 658 1718 de
676 1659 827 1735 emptione
844 1659 1016 1719 venditione
1035 1660 1121 1719 fundi

107 1752 156 1813 vel
188 1750 332 1809 arborum
364 1747 568 1824 similibusque
601 1746 637 1806 de
668 1747 758 1807 rebus
791 1747 903 1824 ubique
937 1767 1033 1808 sermo
1066 1753 1120 1808 est.

108 1858 202 1917 aeque
226 1839 263 1898 de
287 1837 477 1897 matrimonio
500 1840 531 1896 et
554 1838 590 1895 de
613 1836 722 1915 legatis
741 1836 829 1895 uxori
846 1836 969 1913 relictis,
992 1835 1120 1914 denique

109 1929 144 1988 de
167 1929 271 2005 pueris
295 1929 326 1986 et
347 1925 457 2003 puellis
480 1925 528 1986 vel
547 1925 582 1985 de
600 1926 715 2001 pupillo
736 1930 767 1985 et
784 1924 901 2002 pupille
919 1927 950 1984 et
968 1924 1004 1984 de
1023 1926 1120 1984 tutela

108 2019 219 2096 agitur.
261 2015 297 2075 de
319 2019 448 2092 utreque
470 2032 503 2073 re
527 2015 706 2073 sententiam
726 2014 871 2074 habemus
888 2014 946 2075 riri
965 2014 1119 2092 ingenium

109 2107 277 2166 ostendens.
318 2104 361 2163 sic
384 2104 463 2163 euim
486 2096 605 2162 ‘debere
626 2123 714 2179 quem
732 2103 887 2161 meliorem
906 2122 1013 2181 agrum
1032 2122 1120 2163 suum

15 2233 17 2254 t
78 2181 81 2188 ’
108 2188 218 2256 facere'
228 2198 339 2270 monet,
354 2187 402 2251 ‘ne
416 2191 505 2252 vicini
520 2191 700 2251 deteriorem
713 2185 1075 2274 faciat’(D.39,3,1,4),
1090 2197 1120 2252 et

108 2301 195 2361 posse
212 2281 379 2356 mulierem,
398 2281 447 2340 cui
462 2281 568 2340 domus
581 2298 654 2339 usus
668 2281 786 2358 legatus
801 2281 850 2357 sit,
870 2275 912 2340 ‘et
926 2300 995 2341 cum
1008 2282 1118 2341 marito

108 2374 254 2448 habitere,
276 2390 314 2430 ne
338 2370 366 2430 ei
388 2369 578 2429 matrimonio
600 2369 761 2428 carendum
782 2370 868 2444 foret,
891 2388 959 2429 cum
978 2371 1025 2429 uti
1043 2371 1119 2432 velit

110 2457 209 2522 domo'
230 2455 280 2539 (D.
302 2462 331 2534 7,
346 2461 417 2534 8,4,
434 2451 477 2539 1).
519 2461 633 2518 ceteras
651 2476 708 2530 res,
730 2458 867 2533 inprimis
884 2460 1120 2536 negotiationem

16 2549 18 2558 ’
111 2555 143 2612 et
164 2554 377 2619 mercaturam,
406 2547 492 2624 quasi
515 2547 628 2608 civibus
651 2545 789 2624 indignas
812 2547 932 2606 videtur
955 2547 1119 2624 reliquisse.

196 2639 263 2698 Iam
291 2637 483 2713 scriptorum,
515 2635 623 2711 quibus
650 2635 741 2694 Mucii
774 2634 939 2694 sententiae
969 2635 1119 2712 verbaque

110 2729 270 2803 debentur,
293 2725 365 2784 libri
387 2723 560 2784 recensendi
585 2727 663 2784 suut.

197 2816 334 2887 Quatuor
351 2813 420 2874 illos
434 2813 526 2872 Mucii
544 2813 697 2872 auditores
715 2812 808 2871 libros
827 2812 863 2870 de
882 2812 947 2883 iure
967 2813 1119 2888 scripsisse

108 2905 290 2983 Pomponius
312 2899 333 2977 ξ
352 2904 392 2962 42
421 2902 528 2978 tradit,
557 2903 601 2961 ait
627 2902 718 2960 enim:
747 2894 850 2960 ‘Mucii
879 2901 1032 2962 auditores
1054 2903 1119 2963 fue·

109 3001 179 3056 runt
297 3011 332 3050 ex
363 2990 471 3069 quibus
499 2987 621 3049 Gallum
647 2990 793 3049 maximae
821 2991 1010 3050 auctoritatis
1039 2992 1120 3068 apud

108 3085 253 3162 populum
280 3081 372 3140 fuisse
401 3079 523 3139 Servius
551 3078 637 3156 dicit,
664 3096 766 3139 omnes
794 3083 893 3139 tamen
918 3080 951 3138 hi
973 3098 992 3138 a
1015 3079 1119 3142 Servio

18 3229 19 3250 ,
110 3172 243 3250 Sulpicio
271 3169 476 3230 nominantur:
505 3167 638 3243 alioquin
664 3186 718 3244 per
743 3185 774 3227 se
798 3187 901 3228 eorum
924 3169 1038 3244 scripta
1060 3189 1119 3229 non

108 3263 183 3323 talia
206 3262 325 3325 extant,
347 3261 383 3317 ut
406 3276 442 3318 ea
464 3275 566 3317 omnes
589 3259 747 3335 appetant,
770 3256 898 3334 denique
920 3277 975 3316 nec
996 3276 1119 3317 versan-

109 3355 159 3412 tur
178 3349 299 3411 omniuo
318 3347 430 3423 scripta
453 3365 556 3405 eorum
575 3346 779 3405 intermunus
799 3347 962 3423 hominum,
982 3347 1033 3404 sed
1053 3345 1119 3404 Ser·

109 3441 175 3501 rius
190 3433 273 3518 (iis)
282 3435 374 3496 libros
389 3453 459 3496 suos
473 3434 642 3510 complevit,
655 3453 710 3510 pro
724 3434 810 3494 cuius
824 3435 972 3509 scriptura
985 3433 1117 3509 ipsorum

111 3547 227 3606 quoque
259 3523 404 3585 memoria
434 3515 584 3584 habetur?
639 3523 716 3582 mira
746 3523 820 3581 haec
851 3523 997 3598 narratio,
1029 3539 1119 3596 quam

869 3618 905 3670 4*
