2600 3908
52 221 55 228 .
156 178 219 242 130
256 177 303 232 VI.
324 175 456 232 OCTAVI
476 177 574 232 SAEO.
593 176 691 232 IURIS
712 175 885 233 CONSULT.
906 173 1030 229 SERIES
1050 174 1172 228 PRIMA

250 346 298 406 De
323 347 401 405 iura
425 346 529 407 civili
552 345 587 404 in
611 349 724 404 artem
748 343 944 422 redigendo
968 344 1069 403 liber.

245 460 271 520 1.
297 453 376 520 Gell.
393 456 421 539 1,
436 456 488 537 22,
504 455 532 520 7.
561 455 602 519 M.
618 453 730 520 Cicero
750 453 784 518 in
803 455 898 533 libro,
918 455 972 538 qui
991 454 1172 536 inscriptus

153 553 203 610 cst
222 545 260 609 de
280 546 348 610 iure
369 545 455 609 civili
474 546 507 608 in
523 548 624 608 artem
640 543 823 625 redigendo,
838 544 936 607 verba
950 543 1030 608 haec
1043 543 1171 626 posuit:

151 655 205 700 aec
229 655 298 699 cero
321 634 447 700 scientio
469 633 551 697 toris
573 631 743 696 maioribus
765 634 831 696 suis
857 633 889 712 Q.
914 631 1024 697 Aelius
1050 631 1170 696 Tubero

152 725 262 806 defecit,
285 724 426 789 doctriua
449 724 541 786 etiam
564 720 724 802 superfiat.

242 813 273 876 2.
298 811 422 876 Charis.
442 809 510 874 GL.
525 808 550 888 I,
565 810 637 874 138.
674 806 783 873 Cicero
804 809 842 872 de
861 811 929 873 iure
944 809 1045 874 civili:
1063 809 1172 890 aliquo

152 901 309 966 excellente
335 920 371 965 ae
396 899 492 964 nobiti
515 899 589 963 ciro.

578 1059 738 1068 ψ

372 1180 411 1264 3.
449 1185 489 1257 L.
518 1183 735 1258 LUCILIUS
763 1183 948 1256 BALBUS

242 1332 349 1390 doctus
369 1333 399 1389 et
418 1329 553 1388 eruditus
573 1330 670 1404 homo,
690 1330 721 1388 in
740 1329 854 1406 agendo
872 1333 902 1387 et
916 1330 947 1388 in
961 1329 1170 1406 respondendo

154 1420 359 1482 consideratae
383 1417 537 1478 tarditatis
561 1409 668 1498 (Cicer.
693 1419 777 1478 Brut.
803 1410 961 1498 42‚154)‚
987 1412 1110 1496 673]ss
1138 1420 1169 1477 in

155 1510 279 1570 consilio
303 1507 441 1585 Aquillii,
472 1525 540 1566 cum
564 1506 694 1577 Quinctii
722 1525 812 1566 causa
834 1507 1025 1566 indicabatur
1049 1499 1169 1588 (Cicero

154 1617 207 1674 pro
227 1597 345 1668 Quinct.
364 1598 413 1674 16,
429 1598 479 1656 53.
500 1600 551 1673 17,
566 1593 633 1675 54),
654 1595 750 1656 Servii
765 1596 889 1672 Sulpicii
905 1596 972 1654 Rufi
991 1601 1170 1672 praeceptor

154 1679 261 1770 (Cicer.
281 1687 366 1746 Brut.
386 1686 406 1745 l.
425 1677 473 1766 o).
561 1773 586 1831 R

592 1789 756 1848 esponsa.

241 1874 334 1933 Nulla
361 1872 474 1932 tradita
502 1874 578 1930 sunt.

582 2027 740 2034 v----——-.

468 2146 509 2228 4.
548 2151 586 2224 L.
616 2151 855 2225 VALERIUS

243 2295 345 2355 Cicero
370 2313 395 2356 a.
416 2289 540 2376 703s51
572 2297 669 2372 Appio
699 2297 814 2356 scribit:
844 2290 887 2356 ‘L
913 2297 1070 2356 Valerium
1102 2298 1168 2358 iure

154 2387 325 2447 consultum
352 2385 440 2444 valde
469 2385 525 2443 tibi
552 2386 738 2463 commendo,
771 2386 822 2444 sed
850 2387 894 2443 ita
923 2387 1025 2461 etiam,
1054 2387 1079 2445 si
1107 2407 1167 2445 non

154 2481 201 2536 eet
228 2475 303 2534 iuris
331 2474 496 2534 consultus.
543 2474 650 2533 melius
680 2475 757 2533 enim
786 2475 813 2533 ei
837 2493 942 2533 cavere
966 2476 1047 2550 volo,
1076 2495 1167 2552 quam

153 2566 218 2642 ipse
255 2564 323 2624 eliis
360 2564 444 2624 solet.
499 2563 586 2623 valde
621 2564 770 2622 hominem
804 2564 910 2640 diligo:
948 2567 994 2622 est
1026 2583 1061 2622 er
1093 2565 1168 2623 meis

156 2653 325 2716 domesticis
358 2657 449 2730 atque
477 2653 592 2712 intimis
620 2646 832 2712 familiaribus'
861 2645 913 2732 (ed
941 2653 1011 2712 fam.
1039 2652 1098 2729 ΠΙ,
1124 2648 1167 2732 1).

154 2763 180 2805 a.
196 2737 277 2821 700)
282 2744 322 2802 54
344 2740 445 2802 Cicero
469 2743 526 2817 ipsi
547 2734 590 2802 ‘L.
606 2741 727 2800 Valerio
746 2735 972 2801 iurisconsulto'
992 2743 1167 2817 scripserat:

154 2826 213 2891 ‘fao
245 2833 281 2890 ut
313 2849 402 2906 quam
435 2831 564 2904 primum
596 2831 699 2889 venias
727 2849 823 2906 neque
852 2831 884 2889 in
912 2831 1054 2905 Apuliam
1081 2834 1167 2890 tuam

154 2912 288 2980 aeoedas’
313 2914 366 2998 (ad
392 2919 462 2976 fam.
488 2911 600 2996 1‚10).
646 2918 726 2975 idem
749 2923 785 2977 ut
806 2920 926 2978 videtur
949 2919 1102 2996 Valerius,
1131 2920 1167 2978 de

154 3027 212 3086 quo
234 3006 337 3066 Cicero
361 3025 387 3065 a.
406 3002 530 3085 701s53
551 3006 692 3065 Trebatio
716 3007 832 3066 scribit:
857 3001 893 3066 ‘si
917 3008 1030 3067 diutius
1053 3009 1167 3067 frustra

156 3096 296 3172 abfueris,
320 3113 380 3154 non
399 3095 486 3154 modo
506 3095 673 3167 Laberium,
699 3095 751 3154 aad
770 3096 860 3154 etiam
880 3097 1012 3156 sodalem
1030 3100 1167 3156 nostrum

155 3185 311 3246 Valerium
339 3183 526 3258 pertimesco.
573 3183 649 3242 mira
676 3183 753 3242 enim
783 3204 911 3260 persona
938 3185 1039 3245 induci
1066 3189 1168 3261 potest

153 3273 320 3335 Britannici
343 3273 418 3331 iuris
443 3266 593 3332 consulti'.

243 3354 421 3421 ‘Valerium'
450 3361 599 3438 quendam
629 3361 666 3420 ad
689 3361 746 3420 XII
772 3363 947 3432 tabularum
970 3364 1052 3441 leges
1076 3364 1166 3441 scrip·

154 3455 227 3513 sisse
255 3451 400 3512 traditum
430 3457 482 3512 est.
529 3451 608 3510 rest.
637 3471 665 3526 p.
695 3453 771 3512 321:
802 3447 850 3512 ‘ne
878 3453 1018 3511 Valerius
1136 3456 1166 3512 iu

153 3543 212 3603 XII
245 3542 395 3617 explanati
424 3535 495 3601 ...²
547 3534 591 3599 ‘at
618 3541 755 3616 quisnam
783 3543 824 3602 sit
850 3543 901 3601 ille
931 3540 1083 3618 Volsone,
1116 3542 1166 3618 qui
1193 3539 1196 3546 '
