<?xml version="1.0" encoding="UTF-8"?>
<!DOCTYPE html PUBLIC "-//W3C//DTD XHTML 1.0 Transitional//EN"
    "http://www.w3.org/TR/xhtml1/DTD/xhtml1-transitional.dtd">
<html xmlns="http://www.w3.org/1999/xhtml" xml:lang="en" lang="en">
 <head>
  <title>
</title>
<meta http-equiv="Content-Type" content="text/html;charset=utf-8" />
  <meta name='ocr-system' content='tesseract 3.04.00' />
  <meta name='ocr-capabilities' content='ocr_page ocr_carea ocr_par ocr_line ocrx_word'/>
</head>
<body>
  <div class='ocr_page' id='page_1' title='image "./iurisprudentiae05bremgoog_0147.png"; bbox 0 0 2600 3908; ppageno 0'>
   <div class='ocr_carea' id='block_1_1' title="bbox 448 186 1141 254">
    <p class='ocr_par' dir='ltr' id='par_1_1' title="bbox 448 186 1141 254">
     <span class='ocr_line' id='line_1_1' title="bbox 448 186 1141 254; baseline 0.014 -12"><span class='ocrx_word' id='word_1_1' title='bbox 448 194 471 242; x_wconf 81' lang='grc'>’1.</span> <span class='ocrx_word' id='word_1_2' title='bbox 494 186 632 242; x_wconf 80' lang='lat' dir='ltr'>SEXTUS</span> <span class='ocrx_word' id='word_1_3' title='bbox 653 187 820 243; x_wconf 77' lang='lat' dir='ltr'>PAPIRIUS</span> <span class='ocrx_word' id='word_1_4' title='bbox 1082 189 1141 254; x_wconf 82' lang='lat'>135</span> 
     </span>
    </p>
   </div>
   <div class='ocr_carea' id='block_1_2' title="bbox 126 347 1138 527">
    <p class='ocr_par' dir='ltr' id='par_1_2' title="bbox 126 347 1138 527">
     <span class='ocr_line' id='line_1_2' title="bbox 126 347 1138 436; baseline 0.003 -22"><span class='ocrx_word' id='word_1_5' title='bbox 126 350 302 436; x_wconf 72' lang='grc' dir='ltr'><em>χρημάτων</em></span> <span class='ocrx_word' id='word_1_6' title='bbox 320 351 401 415; x_wconf 78' lang='grc' dir='ltr'><strong><em>κατὰ</em></strong></span> <span class='ocrx_word' id='word_1_7' title='bbox 419 353 497 426; x_wconf 79' lang='grc' dir='ltr'><strong><em>τοὺς</em></strong></span> <span class='ocrx_word' id='word_1_8' title='bbox 515 353 649 433; x_wconf 81' lang='grc' dir='ltr'><em>νόμους,</em></span> <span class='ocrx_word' id='word_1_9' title='bbox 668 348 780 433; x_wconf 79' lang='grc' dir='ltr'><strong><em>μηκέτι</em></strong></span> <span class='ocrx_word' id='word_1_10' title='bbox 799 353 860 434; x_wconf 79' lang='grc' dir='ltr'>τὴν</span> <span class='ocrx_word' id='word_1_11' title='bbox 880 350 1034 428; x_wconf 80' lang='grc' dir='ltr'><strong><em>ἐξουσίαν</em></strong></span> <span class='ocrx_word' id='word_1_12' title='bbox 1051 347 1138 417; x_wconf 78' lang='grc' dir='ltr'><em>εἶναι</em></span> 
     </span>
     <span class='ocr_line' id='line_1_3' title="bbox 126 437 627 527; baseline -0.002 -24"><span class='ocrx_word' id='word_1_13' title='bbox 126 449 169 527; x_wconf 77' lang='grc' dir='ltr'>τῷ</span> <span class='ocrx_word' id='word_1_14' title='bbox 194 437 293 524; x_wconf 78' lang='grc' dir='ltr'><em>πατρὶ</em></span> <span class='ocrx_word' id='word_1_15' title='bbox 316 444 441 504; x_wconf 78' lang='grc' dir='ltr'><em>πωλεῖν</em></span> <span class='ocrx_word' id='word_1_16' title='bbox 463 443 522 505; x_wconf 81' lang='grc' dir='ltr'>τὸν</span> <span class='ocrx_word' id='word_1_17' title='bbox 544 440 627 505; x_wconf 76' lang='grc' dir='ltr'><em>νίὸν.</em></span> 
     </span>
    </p>
   </div>
   <div class='ocr_carea' id='block_1_3' title="bbox 125 556 1139 904">
    <p class='ocr_par' dir='ltr' id='par_1_3' title="bbox 125 556 1139 904">
     <span class='ocr_line' id='line_1_4' title="bbox 214 556 1138 640; baseline 0 -20"><span class='ocrx_word' id='word_1_18' title='bbox 214 559 259 620; x_wconf 82' lang='lat' dir='ltr'>Cf.</span> <span class='ocrx_word' id='word_1_19' title='bbox 278 561 374 636; x_wconf 83' lang='lat' dir='ltr'>ignoti</span> <span class='ocrx_word' id='word_1_20' title='bbox 392 561 484 632; x_wconf 89' lang='lat' dir='ltr'>illius,</span> <span class='ocrx_word' id='word_1_21' title='bbox 509 561 559 637; x_wconf 90' lang='lat' dir='ltr'>qui</span> <span class='ocrx_word' id='word_1_22' title='bbox 578 560 775 635; x_wconf 77' lang='lat' dir='ltr'>Papinianum</span> <span class='ocrx_word' id='word_1_23' title='bbox 795 561 948 634; x_wconf 85' lang='lat' dir='ltr'>consuluit</span> <span class='ocrx_word' id='word_1_24' title='bbox 967 556 1087 640; x_wconf 72' lang='lat' dir='ltr'>(collat.</span> <span class='ocrx_word' id='word_1_25' title='bbox 1109 565 1138 638; x_wconf 82' lang='lat'>4,</span> 
     </span>
     <span class='ocr_line' id='line_1_5' title="bbox 126 642 1139 732; baseline -0.001 -22"><span class='ocrx_word' id='word_1_26' title='bbox 126 654 197 726; x_wconf 82' lang='lat'>8,1.</span> <span class='ocrx_word' id='word_1_27' title='bbox 231 649 413 724; x_wconf 82' lang='lat' dir='ltr'>Papinianus</span> <span class='ocrx_word' id='word_1_28' title='bbox 433 650 509 708; x_wconf 89' lang='lat' dir='ltr'>libro</span> <span class='ocrx_word' id='word_1_29' title='bbox 524 649 670 727; x_wconf 75' lang='lat' dir='ltr'>singulari</span> <span class='ocrx_word' id='word_1_30' title='bbox 686 649 721 707; x_wconf 93' lang='lat' dir='ltr'>de</span> <span class='ocrx_word' id='word_1_31' title='bbox 736 649 884 707; x_wconf 87' lang='lat' dir='ltr'>adulterio</span> <span class='ocrx_word' id='word_1_32' title='bbox 901 649 931 709; x_wconf 91' lang='lat' dir='ltr'>P.</span> <span class='ocrx_word' id='word_1_33' title='bbox 949 642 1014 732; x_wconf 81' lang='lat'>23),</span> <span class='ocrx_word' id='word_1_34' title='bbox 1034 650 1139 710; x_wconf 87' lang='lat' dir='ltr'>verba:</span> 
     </span>
     <span class='ocr_line' id='line_1_6' title="bbox 125 734 1139 816; baseline -0.001 -17"><span class='ocrx_word' id='word_1_35' title='bbox 125 734 210 799; x_wconf 70' lang='lat' dir='ltr'>‘cum</span> <span class='ocrx_word' id='word_1_36' title='bbox 243 739 323 814; x_wconf 87' lang='lat' dir='ltr'>patri</span> <span class='ocrx_word' id='word_1_37' title='bbox 354 740 403 798; x_wconf 84' lang='lat' dir='ltr'>lex</span> <span class='ocrx_word' id='word_1_38' title='bbox 435 739 519 816; x_wconf 83' lang='lat' dir='ltr'>regia</span> <span class='ocrx_word' id='word_1_39' title='bbox 551 738 667 796; x_wconf 81' lang='lat' dir='ltr'>dederit</span> <span class='ocrx_word' id='word_1_40' title='bbox 698 738 728 796; x_wconf 92' lang='lat' dir='ltr'>in</span> <span class='ocrx_word' id='word_1_41' title='bbox 761 737 855 796; x_wconf 89' lang='lat' dir='ltr'>filiam</span> <span class='ocrx_word' id='word_1_42' title='bbox 887 739 968 798; x_wconf 87' lang='lat' dir='ltr'>vitae</span> <span class='ocrx_word' id='word_1_43' title='bbox 999 740 1139 816; x_wconf 89' lang='lat' dir='ltr'>necisque</span> 
     </span>
     <span class='ocr_line' id='line_1_7' title="bbox 125 819 753 904; baseline -0.003 -17"><span class='ocrx_word' id='word_1_44' title='bbox 125 831 320 904; x_wconf 88' lang='lat' dir='ltr'>potestatem,</span> <span class='ocrx_word' id='word_1_45' title='bbox 345 827 425 904; x_wconf 89' lang='lat' dir='ltr'>quod</span> <span class='ocrx_word' id='word_1_46' title='bbox 448 828 558 886; x_wconf 90' lang='lat' dir='ltr'>bonum</span> <span class='ocrx_word' id='word_1_47' title='bbox 576 827 641 893; x_wconf 69' lang='lat' dir='ltr'>vfuit</span> <span class='ocrx_word' id='word_1_48' title='bbox 664 819 753 887; x_wconf 54' lang='grc' dir='ltr'><em>..ἴθ’</em></span> 
     </span>
    </p>
   </div>
   <div class='ocr_carea' id='block_1_4' title="bbox 125 945 1139 1388">
    <p class='ocr_par' dir='ltr' id='par_1_4' title="bbox 125 945 1139 1388">
     <span class='ocr_line' id='line_1_8' title="bbox 215 945 1137 1031; baseline 0 -20"><span class='ocrx_word' id='word_1_49' title='bbox 215 947 245 1011; x_wconf 88' lang='lat'>5.</span> <span class='ocrx_word' id='word_1_50' title='bbox 273 945 357 1010; x_wconf 82' lang='lat' dir='ltr'>Fest</span> <span class='ocrx_word' id='word_1_51' title='bbox 381 946 455 1010; x_wconf 78' lang='lat'>220.</span> <span class='ocrx_word' id='word_1_52' title='bbox 481 981 519 992; x_wconf 90' lang='lat'>--</span> <span class='ocrx_word' id='word_1_53' title='bbox 546 945 676 1011; x_wconf 89' lang='lat' dir='ltr'>Plorare</span> <span class='ocrx_word' id='word_1_54' title='bbox 703 946 780 1010; x_wconf 89' lang='lat' dir='ltr'>flere</span> <span class='ocrx_word' id='word_1_55' title='bbox 808 968 893 1010; x_wconf 91' lang='lat' dir='ltr'>nunc</span> <span class='ocrx_word' id='word_1_56' title='bbox 920 946 1081 1031; x_wconf 84' lang='lat' dir='ltr'>significat</span> <span class='ocrx_word' id='word_1_57' title='bbox 1105 952 1137 1012; x_wconf 90' lang='lat' dir='ltr'>et</span> 
     </span>
     <span class='ocr_line' id='line_1_9' title="bbox 125 1035 1139 1120; baseline -0.001 -19"><span class='ocrx_word' id='word_1_58' title='bbox 125 1059 197 1101; x_wconf 90' lang='lat' dir='ltr'>cum</span> <span class='ocrx_word' id='word_1_59' title='bbox 227 1035 468 1120; x_wconf 75' lang='lat' dir='ltr'>praepositione</span> <span class='ocrx_word' id='word_1_60' title='bbox 493 1037 669 1119; x_wconf 83' lang='lat' dir='ltr'>inplorare,</span> <span class='ocrx_word' id='word_1_61' title='bbox 697 1036 860 1116; x_wconf 88' lang='lat' dir='ltr'>iuvocare,</span> <span class='ocrx_word' id='word_1_62' title='bbox 891 1041 925 1099; x_wconf 89' lang='lat' dir='ltr'>at</span> <span class='ocrx_word' id='word_1_63' title='bbox 948 1036 1031 1119; x_wconf 91' lang='lat' dir='ltr'>apud</span> <span class='ocrx_word' id='word_1_64' title='bbox 1056 1037 1139 1100; x_wconf 86' lang='lat' dir='ltr'>anti·</span> 
     </span>
     <span class='ocr_line' id='line_1_10' title="bbox 125 1123 1138 1210; baseline 0 -20"><span class='ocrx_word' id='word_1_65' title='bbox 125 1147 205 1210; x_wconf 90' lang='lat' dir='ltr'>quos</span> <span class='ocrx_word' id='word_1_66' title='bbox 230 1124 327 1209; x_wconf 89' lang='lat' dir='ltr'>plane</span> <span class='ocrx_word' id='word_1_67' title='bbox 349 1123 533 1187; x_wconf 88' lang='lat' dir='ltr'>inclamare.</span> <span class='ocrx_word' id='word_1_68' title='bbox 575 1125 609 1187; x_wconf 92' lang='lat' dir='ltr'>in</span> <span class='ocrx_word' id='word_1_69' title='bbox 632 1125 717 1208; x_wconf 84' lang='lat' dir='ltr'>regis</span> <span class='ocrx_word' id='word_1_70' title='bbox 742 1123 872 1188; x_wconf 86' lang='lat' dir='ltr'>Romuli</span> <span class='ocrx_word' id='word_1_71' title='bbox 897 1129 929 1188; x_wconf 91' lang='lat' dir='ltr'>et</span> <span class='ocrx_word' id='word_1_72' title='bbox 948 1124 1036 1188; x_wconf 80' lang='lat' dir='ltr'>Tatii</span> <span class='ocrx_word' id='word_1_73' title='bbox 1061 1126 1138 1209; x_wconf 86' lang='lat' dir='ltr'>legi·</span> 
     </span>
     <span class='ocr_line' id='line_1_11' title="bbox 125 1209 1138 1296; baseline 0 -18"><span class='ocrx_word' id='word_1_74' title='bbox 125 1216 186 1279; x_wconf 92' lang='lat' dir='ltr'>bus</span> <span class='ocrx_word' id='word_1_75' title='bbox 219 1212 298 1278; x_wconf 88' lang='lat' dir='ltr'>baec</span> <span class='ocrx_word' id='word_1_76' title='bbox 330 1216 393 1276; x_wconf 86' lang='lat' dir='ltr'>est:</span> <span class='ocrx_word' id='word_1_77' title='bbox 426 1209 471 1276; x_wconf 78' lang='lat' dir='ltr'>‘si</span> <span class='ocrx_word' id='word_1_78' title='bbox 503 1217 670 1296; x_wconf 88' lang='lat' dir='ltr'>parentem</span> <span class='ocrx_word' id='word_1_79' title='bbox 704 1235 782 1296; x_wconf 88' lang='lat' dir='ltr'>puer</span> <span class='ocrx_word' id='word_1_80' title='bbox 810 1214 964 1296; x_wconf 83' lang='lat' dir='ltr'>verberit,</span> <span class='ocrx_word' id='word_1_81' title='bbox 997 1218 1049 1277; x_wconf 88' lang='lat' dir='ltr'>ast</span> <span class='ocrx_word' id='word_1_82' title='bbox 1076 1216 1138 1278; x_wconf 89' lang='lat' dir='ltr'>olle</span> 
     </span>
     <span class='ocr_line' id='line_1_12' title="bbox 125 1301 1091 1388; baseline 0.001 -23"><span class='ocrx_word' id='word_1_83' title='bbox 125 1302 282 1388; x_wconf 80' lang='lat' dir='ltr'>plorassit</span> <span class='ocrx_word' id='word_1_84' title='bbox 305 1323 435 1385; x_wconf 89' lang='lat' dir='ltr'>parens,</span> <span class='ocrx_word' id='word_1_85' title='bbox 461 1323 541 1386; x_wconf 90' lang='lat' dir='ltr'>puer</span> <span class='ocrx_word' id='word_1_86' title='bbox 565 1301 645 1364; x_wconf 84' lang='lat' dir='ltr'>divis</span> <span class='ocrx_word' id='word_1_87' title='bbox 670 1305 839 1384; x_wconf 88' lang='lat' dir='ltr'>parentum</span> <span class='ocrx_word' id='word_1_88' title='bbox 866 1323 955 1367; x_wconf 87' lang='lat' dir='ltr'>sacer</span> <span class='ocrx_word' id='word_1_89' title='bbox 979 1301 1091 1367; x_wconf 89' lang='lat' dir='ltr'>estod’.</span> 
     </span>
    </p>
   </div>
   <div class='ocr_carea' id='block_1_5' title="bbox 125 1421 1140 1698">
    <p class='ocr_par' dir='ltr' id='par_1_5' title="bbox 125 1421 1140 1698">
     <span class='ocr_line' id='line_1_13' title="bbox 216 1421 1140 1483; baseline 0.001 -1"><span class='ocrx_word' id='word_1_90' title='bbox 216 1421 385 1482; x_wconf 84' lang='lat' dir='ltr'>Secundum</span> <span class='ocrx_word' id='word_1_91' title='bbox 416 1421 591 1480; x_wconf 89' lang='lat' dir='ltr'>Mommseni</span> <span class='ocrx_word' id='word_1_92' title='bbox 624 1423 783 1481; x_wconf 90' lang='lat' dir='ltr'>lectionem</span> <span class='ocrx_word' id='word_1_93' title='bbox 814 1423 846 1480; x_wconf 92' lang='lat' dir='ltr'>in</span> <span class='ocrx_word' id='word_1_94' title='bbox 878 1423 1000 1482; x_wconf 91' lang='lat' dir='ltr'>Brunsii</span> <span class='ocrx_word' id='word_1_95' title='bbox 1032 1423 1140 1483; x_wconf 89' lang='lat' dir='ltr'>fontib.</span> 
     </span>
     <span class='ocr_line' id='line_1_14' title="bbox 125 1512 409 1589; baseline -0.007 -18"><span class='ocrx_word' id='word_1_96' title='bbox 125 1534 153 1588; x_wconf 90' lang='lat' dir='ltr'>p.</span> <span class='ocrx_word' id='word_1_97' title='bbox 174 1514 192 1570; x_wconf 85' lang='lat'>8</span> <span class='ocrx_word' id='word_1_98' title='bbox 218 1512 409 1589; x_wconf 85' lang='lat' dir='ltr'>propositam</span> 
     </span>
     <span class='ocr_line' id='line_1_15' title="bbox 476 1626 787 1698; baseline 0 -20"><span class='ocrx_word' id='word_1_99' title='bbox 476 1626 528 1696; x_wconf 83' lang='lat' dir='ltr'>[De</span> <span class='ocrx_word' id='word_1_100' title='bbox 548 1626 603 1680; x_wconf 89' lang='lat' dir='ltr'>ritu</span> <span class='ocrx_word' id='word_1_101' title='bbox 623 1627 787 1698; x_wconf 80' lang='lat' dir='ltr'>sacrorum]</span> 
     </span>
    </p>
   </div>
   <div class='ocr_carea' id='block_1_6' title="bbox 125 1736 1138 1998">
    <p class='ocr_par' dir='ltr' id='par_1_6' title="bbox 125 1736 1138 1998">
     <span class='ocr_line' id='line_1_16' title="bbox 216 1736 1138 1818; baseline -0.001 -16"><span class='ocrx_word' id='word_1_102' title='bbox 216 1742 337 1802; x_wconf 85' lang='lat' dir='ltr'>Servius</span> <span class='ocrx_word' id='word_1_103' title='bbox 359 1739 600 1818; x_wconf 81' lang='lat' dir='ltr'>adVe1·g.Aen.</span> <span class='ocrx_word' id='word_1_104' title='bbox 622 1743 672 1817; x_wconf 78' lang='lat'>12,</span> <span class='ocrx_word' id='word_1_105' title='bbox 688 1742 760 1802; x_wconf 83' lang='lat'>836.</span> <span class='ocrx_word' id='word_1_106' title='bbox 784 1773 821 1783; x_wconf 95' lang='lat'>-</span> <span class='ocrx_word' id='word_1_107' title='bbox 843 1741 923 1818; x_wconf 90' lang='lat' dir='ltr'>quod</span> <span class='ocrx_word' id='word_1_108' title='bbox 947 1744 990 1801; x_wconf 89' lang='lat' dir='ltr'>ait</span> <span class='ocrx_word' id='word_1_109' title='bbox 1014 1736 1138 1801; x_wconf 68' lang='lat' dir='ltr'>‘morem</span> 
     </span>
     <span class='ocr_line' id='line_1_17' title="bbox 125 1824 1138 1908; baseline -0.001 -17"><span class='ocrx_word' id='word_1_110' title='bbox 125 1833 262 1908; x_wconf 90' lang='lat' dir='ltr'>ritusque</span> <span class='ocrx_word' id='word_1_111' title='bbox 296 1824 458 1890; x_wconf 87' lang='lat' dir='ltr'>sacrorum&#39;</span> <span class='ocrx_word' id='word_1_112' title='bbox 491 1831 556 1906; x_wconf 89' lang='lat' dir='ltr'>ipso</span> <span class='ocrx_word' id='word_1_113' title='bbox 590 1830 681 1890; x_wconf 82' lang='lat' dir='ltr'>titulo</span> <span class='ocrx_word' id='word_1_114' title='bbox 710 1831 785 1907; x_wconf 84' lang='lat' dir='ltr'>legis</span> <span class='ocrx_word' id='word_1_115' title='bbox 813 1831 953 1906; x_wconf 87' lang='lat' dir='ltr'>Papiriae</span> <span class='ocrx_word' id='word_1_116' title='bbox 981 1848 1053 1890; x_wconf 76' lang='lat' dir='ltr'>usus</span> <span class='ocrx_word' id='word_1_117' title='bbox 1083 1835 1138 1898; x_wconf 89' lang='lat' dir='ltr'>est,</span> 
     </span>
     <span class='ocr_line' id='line_1_18' title="bbox 125 1919 892 1998; baseline -0.003 -18"><span class='ocrx_word' id='word_1_118' title='bbox 125 1941 214 1998; x_wconf 82' lang='lat' dir='ltr'>quem</span> <span class='ocrx_word' id='word_1_119' title='bbox 239 1919 352 1979; x_wconf 91' lang='lat' dir='ltr'>sciebat</span> <span class='ocrx_word' id='word_1_120' title='bbox 375 1919 411 1978; x_wconf 92' lang='lat' dir='ltr'>de</span> <span class='ocrx_word' id='word_1_121' title='bbox 434 1921 497 1978; x_wconf 86' lang='lat' dir='ltr'>ritu</span> <span class='ocrx_word' id='word_1_122' title='bbox 521 1938 673 1978; x_wconf 85' lang='lat' dir='ltr'>sacrorum</span> <span class='ocrx_word' id='word_1_123' title='bbox 698 1921 892 1996; x_wconf 84' lang='lat' dir='ltr'>publicatam.</span> 
     </span>
    </p>
   </div>
   <div class='ocr_carea' id='block_1_7' title="bbox 122 2036 1139 3638">
    <p class='ocr_par' dir='ltr' id='par_1_7' title="bbox 123 2036 1137 2214">
     <span class='ocr_line' id='line_1_19' title="bbox 147 2036 1137 2122; baseline -0.001 -18"><span class='ocrx_word' id='word_1_124' title='bbox 147 2105 149 2110; x_wconf 83' lang='lat'>.</span> <span class='ocrx_word' id='word_1_125' title='bbox 215 2041 244 2104; x_wconf 85' lang='lat'>6.</span> <span class='ocrx_word' id='word_1_126' title='bbox 279 2039 439 2104; x_wconf 79' lang='lat' dir='ltr'>Plutarch.</span> <span class='ocrx_word' id='word_1_127' title='bbox 461 2037 569 2102; x_wconf 91' lang='lat' dir='ltr'>Numa</span> <span class='ocrx_word' id='word_1_128' title='bbox 595 2041 645 2104; x_wconf 87' lang='lat'>14.</span> <span class='ocrx_word' id='word_1_129' title='bbox 672 2075 714 2085; x_wconf 91' lang='lat'>-</span> <span class='ocrx_word' id='word_1_130' title='bbox 742 2039 786 2122; x_wconf 74' lang='grc' dir='ltr'>μὴ</span> <span class='ocrx_word' id='word_1_131' title='bbox 810 2036 965 2103; x_wconf 77' lang='grc' dir='ltr'><em>σπένδειν</em></span> <span class='ocrx_word' id='word_1_132' title='bbox 988 2044 1081 2115; x_wconf 74' lang='grc' dir='ltr'><em>θεοῖς</em></span> <span class='ocrx_word' id='word_1_133' title='bbox 1104 2037 1137 2117; x_wconf 79' lang='grc' dir='ltr'>ἐξ</span> 
     </span>
     <span class='ocr_line' id='line_1_20' title="bbox 123 2123 962 2214; baseline -0.002 -20"><span class='ocrx_word' id='word_1_134' title='bbox 123 2127 281 2214; x_wconf 77' lang='grc' dir='ltr'><em>ἀμπέλων</em></span> <span class='ocrx_word' id='word_1_135' title='bbox 305 2127 456 2210; x_wconf 74' lang='grc' dir='ltr'><em>ἀνμήτων</em></span> <span class='ocrx_word' id='word_1_136' title='bbox 479 2123 561 2211; x_wconf 73' lang='grc' dir='ltr'>μηδὲ</span> <span class='ocrx_word' id='word_1_137' title='bbox 584 2129 684 2193; x_wconf 72' lang='grc' dir='ltr'><em>θύειν</em></span> <span class='ocrx_word' id='word_1_138' title='bbox 707 2129 782 2212; x_wconf 76' lang='grc' dir='ltr'>ἅπερ</span> <span class='ocrx_word' id='word_1_139' title='bbox 806 2127 962 2212; x_wconf 77' lang='grc' dir='ltr'><em>ἀλφίτων.</em></span> 
     </span>
    </p>

    <p class='ocr_par' dir='ltr' id='par_1_8' title="bbox 123 2217 1137 2393">
     <span class='ocr_line' id='line_1_21' title="bbox 216 2217 1137 2300; baseline -0.002 -18"><span class='ocrx_word' id='word_1_140' title='bbox 216 2219 245 2284; x_wconf 78' lang='grc'>7.</span> <span class='ocrx_word' id='word_1_141' title='bbox 269 2217 390 2282; x_wconf 89' lang='lat' dir='ltr'>Plinius</span> <span class='ocrx_word' id='word_1_142' title='bbox 414 2239 442 2280; x_wconf 91' lang='lat' dir='ltr'>n.</span> <span class='ocrx_word' id='word_1_143' title='bbox 467 2217 496 2281; x_wconf 88' lang='lat' dir='ltr'>h.</span> <span class='ocrx_word' id='word_1_144' title='bbox 523 2219 577 2298; x_wconf 76' lang='lat'>14,</span> <span class='ocrx_word' id='word_1_145' title='bbox 602 2217 657 2300; x_wconf 83' lang='lat'>12,</span> <span class='ocrx_word' id='word_1_146' title='bbox 681 2217 731 2282; x_wconf 90' lang='grc'>88.</span> <span class='ocrx_word' id='word_1_147' title='bbox 759 2253 796 2264; x_wconf 93' lang='grc'>-</span> <span class='ocrx_word' id='word_1_148' title='bbox 823 2240 861 2282; x_wconf 86' lang='lat' dir='ltr'>ex</span> <span class='ocrx_word' id='word_1_149' title='bbox 887 2220 1049 2300; x_wconf 88' lang='lat' dir='ltr'>imputata</span> <span class='ocrx_word' id='word_1_150' title='bbox 1071 2217 1137 2282; x_wconf 83' lang='lat' dir='ltr'>vite</span> 
     </span>
     <span class='ocr_line' id='line_1_22' title="bbox 123 2303 827 2393; baseline -0.003 -21"><span class='ocrx_word' id='word_1_151' title='bbox 123 2307 219 2372; x_wconf 87' lang='lat' dir='ltr'>libari</span> <span class='ocrx_word' id='word_1_152' title='bbox 244 2308 318 2370; x_wconf 86' lang='lat' dir='ltr'>vina</span> <span class='ocrx_word' id='word_1_153' title='bbox 342 2307 401 2370; x_wconf 90' lang='lat' dir='ltr'>diis</span> <span class='ocrx_word' id='word_1_154' title='bbox 425 2306 516 2370; x_wconf 88' lang='lat' dir='ltr'>nefas</span> <span class='ocrx_word' id='word_1_155' title='bbox 540 2307 657 2370; x_wconf 84' lang='lat' dir='ltr'>statuit</span> <span class='ocrx_word' id='word_1_156' title='bbox 681 2303 827 2393; x_wconf 81' lang='lat' dir='ltr'>(Numa).</span> 
     </span>
    </p>

    <p class='ocr_par' dir='ltr' id='par_1_9' title="bbox 124 2393 1139 2658">
     <span class='ocr_line' id='line_1_23' title="bbox 215 2393 1133 2479; baseline -0.001 -17"><span class='ocrx_word' id='word_1_157' title='bbox 215 2396 245 2462; x_wconf 87' lang='lat'>8.</span> <span class='ocrx_word' id='word_1_158' title='bbox 270 2393 400 2458; x_wconf 80' lang='lat' dir='ltr'>Cassius</span> <span class='ocrx_word' id='word_1_159' title='bbox 416 2395 556 2458; x_wconf 89' lang='lat' dir='ltr'>Hemina</span> <span class='ocrx_word' id='word_1_160' title='bbox 574 2397 659 2477; x_wconf 90' lang='lat' dir='ltr'>apud</span> <span class='ocrx_word' id='word_1_161' title='bbox 675 2395 815 2460; x_wconf 89' lang='lat' dir='ltr'>Plinium</span> <span class='ocrx_word' id='word_1_162' title='bbox 834 2417 865 2458; x_wconf 91' lang='lat' dir='ltr'>n.</span> <span class='ocrx_word' id='word_1_163' title='bbox 880 2396 910 2460; x_wconf 87' lang='lat' dir='ltr'>h.</span> <span class='ocrx_word' id='word_1_164' title='bbox 925 2397 1079 2479; x_wconf 77' lang='lat'>32‚2,20.</span> <span class='ocrx_word' id='word_1_165' title='bbox 1097 2431 1133 2442; x_wconf 88' lang='lat'>-</span> 
     </span>
     <span class='ocr_line' id='line_1_24' title="bbox 124 2483 1139 2568; baseline -0.001 -19"><span class='ocrx_word' id='word_1_166' title='bbox 124 2483 233 2549; x_wconf 86' lang='lat' dir='ltr'>Numa</span> <span class='ocrx_word' id='word_1_167' title='bbox 257 2484 438 2562; x_wconf 85' lang='lat' dir='ltr'>constituit,</span> <span class='ocrx_word' id='word_1_168' title='bbox 466 2489 502 2546; x_wconf 90' lang='lat' dir='ltr'>ut</span> <span class='ocrx_word' id='word_1_169' title='bbox 525 2485 641 2567; x_wconf 89' lang='lat' dir='ltr'>pisces,</span> <span class='ocrx_word' id='word_1_170' title='bbox 666 2485 721 2568; x_wconf 93' lang='lat' dir='ltr'>qui</span> <span class='ocrx_word' id='word_1_171' title='bbox 744 2485 908 2568; x_wconf 89' lang='lat' dir='ltr'>squamosi</span> <span class='ocrx_word' id='word_1_172' title='bbox 931 2506 996 2548; x_wconf 90' lang='lat' dir='ltr'>non</span> <span class='ocrx_word' id='word_1_173' title='bbox 1021 2489 1139 2564; x_wconf 87' lang='lat' dir='ltr'>essent,</span> 
     </span>
     <span class='ocr_line' id='line_1_25' title="bbox 124 2573 390 2658; baseline -0.008 -20"><span class='ocrx_word' id='word_1_174' title='bbox 124 2575 161 2638; x_wconf 93' lang='lat' dir='ltr'>ni</span> <span class='ocrx_word' id='word_1_175' title='bbox 178 2573 390 2658; x_wconf 83' lang='lat' dir='ltr'>‘pollucerent</span> 
     </span>
    </p>

    <p class='ocr_par' dir='ltr' id='par_1_10' title="bbox 123 2660 1137 3100">
     <span class='ocr_line' id='line_1_26' title="bbox 215 2660 1136 2744; baseline -0.001 -19"><span class='ocrx_word' id='word_1_176' title='bbox 215 2663 262 2726; x_wconf 74' lang='lat'>9⁸.</span> <span class='ocrx_word' id='word_1_177' title='bbox 287 2660 372 2726; x_wconf 85' lang='lat' dir='ltr'>Fest.</span> <span class='ocrx_word' id='word_1_178' title='bbox 391 2683 421 2744; x_wconf 92' lang='lat' dir='ltr'>p.</span> <span class='ocrx_word' id='word_1_179' title='bbox 436 2661 509 2725; x_wconf 77' lang='lat'>222.</span> <span class='ocrx_word' id='word_1_180' title='bbox 529 2697 570 2706; x_wconf 94' lang='lat'><em>-</em></span> <span class='ocrx_word' id='word_1_181' title='bbox 592 2661 716 2744; x_wconf 87' lang='lat' dir='ltr'>antiqui</span> <span class='ocrx_word' id='word_1_182' title='bbox 740 2661 868 2743; x_wconf 89' lang='lat' dir='ltr'>proprie</span> <span class='ocrx_word' id='word_1_183' title='bbox 892 2681 963 2724; x_wconf 85' lang='lat' dir='ltr'>eam</span> <span class='ocrx_word' id='word_1_184' title='bbox 982 2660 1136 2743; x_wconf 88' lang='lat' dir='ltr'>paelicem</span> 
     </span>
     <span class='ocr_line' id='line_1_27' title="bbox 124 2749 1137 2834; baseline -0.002 -18"><span class='ocrx_word' id='word_1_185' title='bbox 124 2751 346 2832; x_wconf 86' lang='lat' dir='ltr'>nominabant,</span> <span class='ocrx_word' id='word_1_186' title='bbox 371 2772 452 2834; x_wconf 90' lang='lat' dir='ltr'>quae</span> <span class='ocrx_word' id='word_1_187' title='bbox 470 2771 600 2814; x_wconf 86' lang='lat' dir='ltr'>uxorem</span> <span class='ocrx_word' id='word_1_188' title='bbox 619 2749 754 2814; x_wconf 85' lang='lat' dir='ltr'>habenti</span> <span class='ocrx_word' id='word_1_189' title='bbox 773 2749 924 2813; x_wconf 87' lang='lat' dir='ltr'>nubebat.</span> <span class='ocrx_word' id='word_1_190' title='bbox 957 2750 1008 2814; x_wconf 88' lang='lat' dir='ltr'>cni</span> <span class='ocrx_word' id='word_1_191' title='bbox 1027 2751 1137 2833; x_wconf 85' lang='lat' dir='ltr'>generi</span> 
     </span>
     <span class='ocr_line' id='line_1_28' title="bbox 123 2836 1135 2924; baseline -0.001 -20"><span class='ocrx_word' id='word_1_192' title='bbox 123 2840 296 2905; x_wconf 89' lang='lat' dir='ltr'>mulierum</span> <span class='ocrx_word' id='word_1_193' title='bbox 316 2840 414 2903; x_wconf 87' lang='lat' dir='ltr'>etiam</span> <span class='ocrx_word' id='word_1_194' title='bbox 432 2861 538 2924; x_wconf 89' lang='lat' dir='ltr'>poena</span> <span class='ocrx_word' id='word_1_195' title='bbox 557 2839 733 2903; x_wconf 89' lang='lat' dir='ltr'>constituta</span> <span class='ocrx_word' id='word_1_196' title='bbox 753 2843 802 2902; x_wconf 89' lang='lat' dir='ltr'>est</span> <span class='ocrx_word' id='word_1_197' title='bbox 820 2836 962 2902; x_wconf 87' lang='lat' dir='ltr'>aNuma</span> <span class='ocrx_word' id='word_1_198' title='bbox 977 2838 1135 2922; x_wconf 91' lang='lat' dir='ltr'>Pompilio</span> 
     </span>
     <span class='ocr_line' id='line_1_29' title="bbox 123 2926 1137 3013; baseline 0 -19"><span class='ocrx_word' id='word_1_199' title='bbox 123 2930 185 2994; x_wconf 88' lang='lat' dir='ltr'>hac</span> <span class='ocrx_word' id='word_1_200' title='bbox 209 2929 294 3013; x_wconf 83' lang='lat' dir='ltr'>lege:</span> <span class='ocrx_word' id='word_1_201' title='bbox 323 2928 446 3012; x_wconf 77' lang='lat' dir='ltr'>‘paelex</span> <span class='ocrx_word' id='word_1_202' title='bbox 471 2950 558 2992; x_wconf 88' lang='lat' dir='ltr'>aram</span> <span class='ocrx_word' id='word_1_203' title='bbox 582 2927 715 2992; x_wconf 92' lang='lat' dir='ltr'>lunonis</span> <span class='ocrx_word' id='word_1_204' title='bbox 738 2949 778 2991; x_wconf 92' lang='lat' dir='ltr'>ne</span> <span class='ocrx_word' id='word_1_205' title='bbox 802 2927 945 3013; x_wconf 80' lang='lat' dir='ltr'>tangit03</span> <span class='ocrx_word' id='word_1_206' title='bbox 973 2926 1001 2991; x_wconf 89' lang='lat' dir='ltr'>si</span> <span class='ocrx_word' id='word_1_207' title='bbox 1023 2932 1137 3013; x_wconf 82' lang='lat' dir='ltr'>tanget</span> 
     </span>
     <span class='ocr_line' id='line_1_30' title="bbox 123 3015 1069 3100; baseline -0.003 -15"><span class='ocrx_word' id='word_1_208' title='bbox 123 3019 242 3085; x_wconf 90' lang='lat' dir='ltr'>Iunoni</span> <span class='ocrx_word' id='word_1_209' title='bbox 266 3017 407 3081; x_wconf 84' lang='lat' dir='ltr'>crinibus</span> <span class='ocrx_word' id='word_1_210' title='bbox 431 3016 579 3081; x_wconf 89' lang='lat' dir='ltr'>demissis</span> <span class='ocrx_word' id='word_1_211' title='bbox 604 3037 722 3100; x_wconf 85' lang='lat' dir='ltr'>agnum</span> <span class='ocrx_word' id='word_1_212' title='bbox 746 3015 900 3081; x_wconf 87' lang='lat' dir='ltr'>feminam</span> <span class='ocrx_word' id='word_1_213' title='bbox 924 3015 1069 3083; x_wconf 68' lang='lat' dir='ltr'>caedito?</span> 
     </span>
    </p>

    <p class='ocr_par' dir='ltr' id='par_1_11' title="bbox 122 3104 1137 3460">
     <span class='ocr_line' id='line_1_31' title="bbox 214 3104 1137 3190; baseline -0.003 -17"><span class='ocrx_word' id='word_1_214' title='bbox 214 3104 263 3173; x_wconf 68' lang='lat'>9¹³.</span> <span class='ocrx_word' id='word_1_215' title='bbox 288 3105 501 3188; x_wconf 83' lang='lat' dir='ltr'>Gell.4,3,3.</span> <span class='ocrx_word' id='word_1_216' title='bbox 524 3141 561 3152; x_wconf 92' lang='lat'><em>-</em></span> <span class='ocrx_word' id='word_1_217' title='bbox 654 3105 714 3170; x_wconf 91' lang='lat' dir='ltr'>bac</span> <span class='ocrx_word' id='word_1_218' title='bbox 738 3106 1056 3190; x_wconf 85' lang='lat' dir='ltr'>antiquissimalege</span> <span class='ocrx_word' id='word_1_219' title='bbox 1076 3155 1137 3188; x_wconf 91' lang='lat'>...,</span> 
     </span>
     <span class='ocr_line' id='line_1_32' title="bbox 124 3192 1135 3281; baseline -0.002 -19"><span class='ocrx_word' id='word_1_220' title='bbox 124 3219 222 3281; x_wconf 84' lang='lat' dir='ltr'>quam</span> <span class='ocrx_word' id='word_1_221' title='bbox 254 3192 381 3259; x_wconf 87' lang='lat' dir='ltr'>Numae</span> <span class='ocrx_word' id='word_1_222' title='bbox 413 3193 498 3280; x_wconf 82' lang='lat' dir='ltr'>regia</span> <span class='ocrx_word' id='word_1_223' title='bbox 531 3194 630 3259; x_wconf 89' lang='lat' dir='ltr'>fuisse</span> <span class='ocrx_word' id='word_1_224' title='bbox 663 3195 857 3280; x_wconf 88' lang='lat' dir='ltr'>accepimus:</span> <span class='ocrx_word' id='word_1_225' title='bbox 891 3193 1015 3277; x_wconf 74' lang='lat' dir='ltr'>‘paelex</span> <span class='ocrx_word' id='word_1_226' title='bbox 1047 3217 1135 3260; x_wconf 87' lang='lat' dir='ltr'>aram</span> 
     </span>
     <span class='ocr_line' id='line_1_33' title="bbox 123 3282 1136 3368; baseline -0.004 -18"><span class='ocrx_word' id='word_1_227' title='bbox 123 3285 259 3351; x_wconf 85' lang='lat' dir='ltr'>lunonis</span> <span class='ocrx_word' id='word_1_228' title='bbox 284 3305 323 3348; x_wconf 91' lang='lat' dir='ltr'>ne</span> <span class='ocrx_word' id='word_1_229' title='bbox 347 3283 488 3368; x_wconf 79' lang='lat' dir='ltr'>tangit03</span> <span class='ocrx_word' id='word_1_230' title='bbox 512 3283 539 3347; x_wconf 92' lang='lat' dir='ltr'>si</span> <span class='ocrx_word' id='word_1_231' title='bbox 557 3283 665 3367; x_wconf 84' lang='lat' dir='ltr'>tangit</span> <span class='ocrx_word' id='word_1_232' title='bbox 688 3282 805 3348; x_wconf 91' lang='lat' dir='ltr'>Iunoni</span> <span class='ocrx_word' id='word_1_233' title='bbox 824 3283 967 3348; x_wconf 87' lang='lat' dir='ltr'>crinibus</span> <span class='ocrx_word' id='word_1_234' title='bbox 986 3282 1136 3349; x_wconf 90' lang='lat' dir='ltr'>demissis</span> 
     </span>
     <span class='ocr_line' id='line_1_34' title="bbox 122 3370 590 3460; baseline -0.006 -21"><span class='ocrx_word' id='word_1_235' title='bbox 122 3397 244 3460; x_wconf 83' lang='lat' dir='ltr'>agnum</span> <span class='ocrx_word' id='word_1_236' title='bbox 268 3373 422 3438; x_wconf 85' lang='lat' dir='ltr'>feminam</span> <span class='ocrx_word' id='word_1_237' title='bbox 446 3370 590 3437; x_wconf 88' lang='lat' dir='ltr'>caedito&#39;.</span> 
     </span>
    </p>

    <p class='ocr_par' dir='ltr' id='par_1_12' title="bbox 123 3459 1137 3638">
     <span class='ocr_line' id='line_1_35' title="bbox 216 3459 1136 3546; baseline -0.003 -18"><span class='ocrx_word' id='word_1_238' title='bbox 216 3463 265 3529; x_wconf 91' lang='lat'>10.</span> <span class='ocrx_word' id='word_1_239' title='bbox 299 3459 428 3526; x_wconf 83' lang='lat' dir='ltr'>Servius</span> <span class='ocrx_word' id='word_1_240' title='bbox 452 3462 486 3524; x_wconf 91' lang='lat' dir='ltr'>in</span> <span class='ocrx_word' id='word_1_241' title='bbox 509 3459 648 3546; x_wconf 84' lang='lat' dir='ltr'>Vergilii</span> <span class='ocrx_word' id='word_1_242' title='bbox 671 3461 729 3524; x_wconf 90' lang='lat' dir='ltr'>ecl.</span> <span class='ocrx_word' id='word_1_243' title='bbox 753 3461 788 3540; x_wconf 87' lang='grc'>4,</span> <span class='ocrx_word' id='word_1_244' title='bbox 806 3459 858 3523; x_wconf 89' lang='grc'>43.</span> <span class='ocrx_word' id='word_1_245' title='bbox 884 3493 922 3506; x_wconf 83' lang='grc'>-</span> <span class='ocrx_word' id='word_1_246' title='bbox 948 3459 982 3523; x_wconf 90' lang='lat' dir='ltr'>in</span> <span class='ocrx_word' id='word_1_247' title='bbox 1010 3459 1136 3525; x_wconf 87' lang='lat' dir='ltr'>Numae</span> 
     </span>
     <span class='ocr_line' id='line_1_36' title="bbox 123 3546 1137 3638; baseline -0.001 -23"><span class='ocrx_word' id='word_1_248' title='bbox 123 3551 252 3638; x_wconf 87' lang='lat' dir='ltr'>legibus</span> <span class='ocrx_word' id='word_1_249' title='bbox 281 3555 412 3615; x_wconf 87' lang='lat' dir='ltr'>cautum</span> <span class='ocrx_word' id='word_1_250' title='bbox 441 3553 502 3632; x_wconf 87' lang='lat' dir='ltr'>est,</span> <span class='ocrx_word' id='word_1_251' title='bbox 532 3554 568 3614; x_wconf 91' lang='lat' dir='ltr'>ut</span> <span class='ocrx_word' id='word_1_252' title='bbox 595 3550 623 3612; x_wconf 92' lang='lat' dir='ltr'>si</span> <span class='ocrx_word' id='word_1_253' title='bbox 652 3550 723 3634; x_wconf 88' lang='lat' dir='ltr'>quis</span> <span class='ocrx_word' id='word_1_254' title='bbox 753 3546 938 3633; x_wconf 88' lang='lat' dir='ltr'>imprudens</span> <span class='ocrx_word' id='word_1_255' title='bbox 967 3548 1137 3614; x_wconf 86' lang='lat' dir='ltr'>occidisset</span> 
     </span>
    </p>
   </div>
   <div class='ocr_carea' id='block_1_8' title="bbox 0 0 1304 3908">
    <p class='ocr_par' dir='ltr' id='par_1_13' title="bbox 0 0 1304 3908">
     <span class='ocr_line' id='line_1_37' title="bbox 0 0 1304 3908; baseline 0 0"><span class='ocrx_word' id='word_1_256' title='bbox 0 0 1304 3908; x_wconf 95' lang='lat' dir='ltr'> </span> 
     </span>
    </p>
   </div>
  </div>
 </body>
</html>
