2602 3912
294 191 318 238 7.
342 182 373 247 Q.
393 181 527 238 Muclus
546 182 577 237 P.
592 183 622 236 P.
636 183 666 237 Ρ.
677 183 715 238 N.
731 181 919 238 SCAMVOLA
1068 182 1113 246 67

190 351 276 422 Quod
295 351 330 410 de
350 351 508 427 Pomponii
527 350 661 428 oratione
680 350 802 427 obliqua
821 351 891 424 dixi,
911 350 990 410 idem
1009 353 1111 411 tenen·

12 423 14 444 ’
92 442 170 500 dnm
189 441 286 500 estin
299 440 439 517 Ulpiano.
470 439 563 499 Lenel
581 439 719 498 inMuoii
737 439 914 514 fragmentis
933 439 1109 516 colligendis

91 530 189 590 etiam
213 547 251 588 er
273 528 395 605 Ulpiani
417 528 503 588 libris
526 529 563 586 ad
583 527 728 587 Sabinum
750 529 954 604 fragmentum
979 521 1019 587 db
1042 528 1110 588 ideo

12 661 13 674 2
91 618 224 694 recepit,
252 613 345 695 ‘quod
372 617 507 677 oratione
535 617 658 694 obliqua
680 617 827 692 Ulpianus
854 610 974 696 utitur’,
1001 617 1032 676 in
1054 615 1109 675 Ul-

92 708 179 785 piani
206 707 385 785 fragmentis
412 705 600 766 recensendis
628 705 666 765 ad
692 705 772 764 idem
795 707 998 782 fragmentum
1023 708 1107 767 2606

12 827 13 842 ,
95 789 203 875 (§§9.
226 787 283 876 10)
307 795 343 854 de
366 795 463 854 Mucio
487 797 577 854 tacet.

12 893 13 912 ³
112 941 115 946 ,
186 882 416 946 Observationes
439 884 531 944 verbo
555 876 681 942 ‘autem'
705 883 837 942 adnexae
858 882 1010 942 interdum
1028 887 1108 944 certe

12 1033 13 1046 ,
94 973 267 1052 significare
295 977 433 1048 possunt,
460 990 496 1032 ea
523 991 600 1048 qnae
621 972 811 1048 praecedunt
835 972 929 1031 Mucii
951 991 1028 1050 esse;
1057 973 1109 1033 sed

12 1097 13 1140 ,
93 1063 143 1122 vel
168 1063 201 1120 in
225 1063 282 1121 bac
305 1081 337 1121 re
361 1061 500 1121 cautione
523 1080 597 1138 opus
622 1065 674 1120 est.
720 1060 813 1120 Lenel
835 1061 871 1120 D.
893 1063 943 1138 28,
963 1064 992 1140 3,
1014 1065 1109 1138 lfipr.

12 1149 13 1190 ἶ
94 1151 195 1211 Mucio
214 1152 271 1210 hac
289 1170 325 1210 ex
344 1167 434 1210 causa
452 1149 593 1210 attribuit
607 1141 690 1230 (12),
709 1150 789 1226 quod
803 1149 985 1226 Pomponius
1005 1151 1108 1210 scribit

12 1245 13 1314 l
96 1233 241 1299 ‘multum
269 1242 370 1299 autem
396 1233 546 1316 interest,
573 1239 605 1297 in
627 1238 786 1314 Pomponii
808 1239 986 1314 fragmentis
1008 1259 1109 1300 recen·

12 1321 13 1350 ³
96 1329 196 1388 sendis
225 1327 322 1387 eidem
349 1328 518 1405 fragmento
546 1319 641 1408 (233)
669 1327 784 1386 nullam
813 1328 848 1386 de
877 1327 986 1389 Mucio
1004 1333 1109 1388 notam

95 1420 177 1478 recte
201 1417 294 1476 addit.
1068 1468 1072 1478 .

185 1506 407 1582 Nonnunquam
425 1505 575 1564 incertum
594 1508 649 1580 est,
667 1507 771 1564 utrum
788 1505 944 1580 Pomponii
963 1525 1001 1566 an
1015 1505 1112 1565 Mucii

12 1587 13 1590 ¹
96 1595 169 1667 sint,
203 1613 280 1672 quae
311 1593 343 1654 in
376 1593 533 1668 Pomponii
564 1594 601 1652 ad
630 1592 664 1664 Q.
686 1593 820 1651 Mucium
850 1593 935 1653 libris
967 1595 1114 1673 legimus.

95 1683 262 1744 cavendnm
294 1688 352 1759 est,
383 1702 421 1742 ne
448 1682 547 1742 Mucio
575 1701 611 1741 ea
636 1681 820 1756 tribuamus,
853 1701 929 1757 quae
956 1679 1113 1743 inferioris-

95 1772 217 1832 demum
235 1772 344 1831 aetatis
362 1771 437 1830 iuris
456 1771 586 1832 consulti
604 1773 785 1830 statuerunt.
822 1771 906 1830 velut
924 1771 960 1831 A.
975 1771 1106 1846 Pemice‚

12 1899 13 1904 κ
95 1861 287 1922 cautissimus
307 1860 428 1939 alioqui,
447 1879 513 1920 meo
532 1859 651 1938 quidem
672 1859 783 1918 iudicio
801 1859 899 1920 Mucio
918 1861 998 1920 iusto
1016 1861 1109 1937 plura

95 1949 245 2024 attribuit,
269 1969 338 2009 cum
354 1949 494 2008 Muciana
515 1967 730 2025 nonnunquam
754 1950 834 2007 dicat
852 1968 929 2026 quae
948 1949 1106 2024 Pomponii

13 2053 14 2070 ¹
95 2058 159 2098 asse
182 2039 290 2098 iudico.
332 2038 468 2114 exempla
490 2039 583 2097 habes
600 2038 701 2098 Labeo
719 2037 742 2109 I,
760 2040 823 2097 324
841 2059 870 2096 n.
887 2040 905 2097 3
929 2043 958 2097 et
976 2038 1016 2114 H,
1032 2039 1104 2100 26οε

95 2127 231 2187 eiusdem
258 2127 320 2186 fere
349 2127 554 2202 auctoritatis,
580 2145 641 2203 qua
663 2127 781 2186 Mucius
810 2127 882 2186 olim
906 2128 1021 2202 floruit,
1050 2128 1106 2188 sub

94 2217 199 2294 primis
226 2217 411 2292 principibus
438 2216 589 2275 Masurius
613 2215 742 2275 Sabinus
770 2215 890 2276 videtur
917 2217 1022 2292 fuisse,
1052 2216 1104 2293 qui

96 2323 138 2382 ea,
162 2322 240 2382 qnae
262 2305 380 2364 Munius
403 2323 563 2382 aggressus
587 2309 661 2377 erat,
683 2307 860 2380 prosecutus
884 2310 938 2364 est.
984 2306 1104 2382 inqui·

94 2393 222 2454 busdam
248 2393 425 2470 fragmentis
451 2394 502 2454 vel
528 2393 625 2452 futuri
652 2394 796 2469 temporis
823 2412 897 2452 usus
922 2413 982 2454 non
1003 2395 1106 2472 Mucii,

96 2483 145 2541 sed
170 2482 327 2558 Pomponii
355 2483 535 2541 sententiam
558 2499 622 2542 esse
646 2482 848 2541 demonstrare
870 2483 1003 2541 videtur:
1031 2483 1106 2542 talia

96 2573 266 2648 fragmenta
293 2574 363 2632 sunt
390 2571 426 2630 D.
452 2573 502 2647 28,
523 2572 552 2646 3,
573 2572 669 2646 repr.
698 2562 861 2650 (superius
888 2573 1104 2630 testamentum

96 2662 154 2720 erit
176 2651 328 2741 ruptum')
353 2662 383 2720 et
407 2661 436 2736 8,
451 2661 480 2738 2,
496 2662 536 2720 29
560 2651 747 2740 (dicendum
770 2652 853 2738 est’).

183 2746 267 2819 Quae
303 2747 485 2826 Pomponius
517 2747 650 2807 Mucium
687 2747 839 2823 scripsisse
871 2747 1033 2823 retulerat,
1070 2766 1106 2808 ea

95 2837 295 2897 'tribonianus
316 2836 362 2896 ita
383 2837 523 2910 mutavit,
546 2836 634 2914 qnasi
651 2836 833 2913 Pomponius
852 2835 986 2896 Mucium
1003 2837 1105 2912 ipsum

15 2945 16 2960 ³
94 2927 266 3003 loquentem
297 2925 512 2985 introduxisset
539 2926 663 3002 eiusque
684 2927 789 2986 verbis
816 2930 903 2984 notas
931 2925 1102 2986 addidisset

96 3015 173 3091 quod
196 3014 232 3073 D.
254 3017 283 3090 3,
300 3017 349 3087 19,
366 3018 392 3090 1,
408 3017 451 3074 40
473 3020 576 3090 aperte
600 3015 698 3092 docet,
720 3015 774 3074 ubi
797 3015 870 3075 haee
892 3015 1044 3092 leguntur.

183 3098 376 3179 ‘Pomponius
390 3103 467 3164 libro
481 3103 636 3182 trigesimo
650 3103 747 3180 primo
757 3104 795 3162 ad
805 3103 950 3173 Quintum
960 3104 1104 3166 Mucium.

96 3191 225 3262 Quintus
244 3192 360 3251 Mucius
384 3192 500 3252 scribit:
525 3192 662 3251 dominus
681 3193 768 3252 fundi
786 3194 823 3251 de
841 3193 962 3269 praedio
981 3193 1103 3252 arbores

96 3285 207 3352 stantes
234 3280 409 3341 vendiderat
437 3285 468 3340 et
494 3301 547 3357 pro
571 3281 617 3340 his
640 3281 730 3342 rebus
753 3283 910 3357 pecuniam
935 3282 1050 3358 aocepit
1073 3285 1104 3340 et

96 3371 212 3429 tradere
225 3370 358 3430 nolebat:
378 3373 496 3446 emptor
508 3371 679 3446 quaerebat,
696 3370 768 3446 quid
783 3390 815 3429 se
830 3372 926 3430 facere
942 3374 1103 3446 oporteret,

97 3463 125 3517 et
146 3458 321 3534 verebatur,
348 3478 385 3518 ne
408 3460 464 3518 bae
488 3460 608 3518 arbores
632 3459 695 3517 eius
718 3477 778 3518 non
800 3459 974 3518 viderentur
997 3459 1102 3516 factae.

97 3545 289 3624 Pomponius:
317 3548 458 3607 arborum
485 3565 560 3624 quae
588 3548 620 3606 in
644 3547 736 3606 fundo
760 3541 960 3606 continentur'
985 3549 1016 3606 et
1034 3567 1062 3622 q.
1081 3564 1103 3606 s·

855 3643 891 3697 5*
