2598 3910
409 236 432 284 l.
456 229 485 284 P.
502 229 666 285 ALFENUS
686 230 807 286 VARUS
1048 233 1110 296 287

102 394 305 479 singulorum
325 392 465 458 iudicum
490 393 629 462 mutatio
653 393 787 458 eandem
810 416 879 458 rem
891 391 941 459 'an
961 396 1047 461 aliud
1066 397 1111 460 iu-

102 482 223 547 dicium
242 482 381 547 fecisset.
418 479 578 566 respondi,
596 497 663 546 non
682 483 777 548 modo
797 484 826 548 si
845 505 926 548 unus
946 489 1002 549 aut
1021 485 1112 566 alter,

102 571 158 636 sed
190 575 223 634 et
246 571 273 634 si
297 592 409 635 omnes
432 569 553 636 iudices
576 571 693 635 mutati
716 580 832 654 essent,
855 576 966 638 tamen
990 577 1022 638 et
1044 595 1113 638 rem

103 661 237 725 eandem
265 664 299 723 et
325 659 479 725 iudicium
507 659 592 724 idem
620 659 706 745 quod
729 665 826 725 antea
848 661 964 726 fuisset
989 683 1112 745 perma-

30 813 33 818 .
102 771 192 832 uere,
219 770 323 834 neque
351 749 385 812 in
413 749 474 813 hoo
498 749 603 813 solum
627 749 766 831 evenire,
795 753 831 814 ut
859 751 1005 834 partibus
1030 774 1113 817 oom-

102 839 239 904 mutatis
258 838 369 902 eedem
389 858 439 901 res
458 858 528 902 esse
549 837 797 921 existimaretur,
821 840 876 903 sed
896 840 982 904 etin
1001 840 1112 904 multis

103 928 217 992 ceteris
249 928 358 1009 rebus,
391 947 467 1006 nam
500 931 532 990 et
562 927 725 1011 legionem
753 928 886 992 eandem
917 928 1043 1010 haberi,
1075 951 1114 993 ex

103 1039 166 1101 qua
189 1015 284 1080 multi
308 1015 528 1098 decessissent,
552 1037 688 1100 quorum
711 1015 874 1081 inlocum
899 1017 956 1081 alii
979 1019 1113 1082 subiecti

103 1109 224 1189 essent,
257 1110 290 1168 et
316 1105 470 1188 populum
499 1105 634 1168 eundem
664 1105 723 1168 boe
751 1108 896 1190 tempore
923 1107 1031 1190 putari
1059 1106 1114 1189 qui

103 1193 220 1260 abhinc
244 1198 372 1257 centum
396 1193 489 1257 annis
512 1193 659 1274 fuissent,
683 1215 756 1257 cum
780 1215 818 1258 ex
842 1195 887 1258 eis
910 1217 1004 1260 nemo
1028 1214 1113 1260 nuno

103 1284 244 1365 viveret,
270 1283 410 1364 itemque
437 1303 567 1366 navem,
596 1281 623 1345 si
651 1283 730 1347 adeo
755 1305 851 1368 saepe
874 1284 996 1348 refecta
1019 1287 1112 1368 esset,

103 1376 140 1435 ut
171 1371 263 1436 nulla
295 1371 407 1435 tabula
439 1370 550 1435 eadem
582 1375 785 1454 permaneret
818 1394 899 1456 quae
931 1395 997 1437 non
1029 1379 1132 1437 uova‘

102 1460 233 1542 fuisset,
259 1459 362 1524 nihilo
390 1459 497 1524 minus
526 1460 660 1524 eandem
687 1481 802 1524 navem
832 1483 902 1525 esse
925 1461 1113 1526 existimari.

104 1549 190 1633 quod
218 1547 248 1613 si
275 1549 347 1632 quis
370 1553 500 1632 putaret
522 1548 670 1632 partibus
694 1551 902 1614 commutatis
925 1551 1022 1614 eliam
1045 1572 1114 1614 rem

102 1639 183 1723 fieri,
200 1637 270 1702 iore
289 1642 326 1701 ut
340 1659 379 1700 ex
392 1638 461 1702 eius
474 1639 600 1702 ratione
614 1659 674 1701 nos
688 1638 752 1721 ipsi
771 1660 836 1702 non
855 1638 951 1702 iidem
970 1660 1113 1704 essemus

104 1728 160 1812 qui
183 1726 303 1791 abhinc
326 1748 410 1790 anno
433 1726 615 1810 fuissemus,
637 1731 807 1809 propterea
831 1727 932 1812 quod,
949 1733 986 1792 ut
1008 1727 1113 1810 philo·

104 1816 199 1901 sophi
224 1814 375 1899 dicerent,
399 1837 436 1879 ex
461 1815 577 1900 quibus
600 1815 768 1898 particulis
792 1815 935 1880 minimis
957 1816 1114 1880 consiste·
1165 1881 1167 1886 ,

104 1927 225 1988 remus,
261 1903 322 1968 hae
359 1903 493 1969 cottidie
530 1925 568 1968 ex
584 1915 588 1924 ’
603 1908 716 1970 nostro
755 1925 887 1990 corpore
926 1904 1114 1969 decederent

105 1994 250 2077 aliaeque
274 1992 471 2057 extrinsecus
494 1993 528 2057 in
553 2015 662 2058 earum
682 1994 788 2058 locum
808 1993 1002 2059 accederent.
1036 2015 1114 2078 qua-

104 2086 238 2167 propter
260 2082 351 2148 cuius
374 2083 421 2147 rei
444 2082 566 2167 species
591 2082 701 2146 eadem
725 2085 926 2167 consisteret,
948 2104 1016 2147 rem
1037 2103 1113 2167 quo·

104 2193 166 2255 que
190 2171 323 2236 eandem
348 2192 417 2234 esse
440 2170 626 2236 existimari.

397 2337 441 2391 De
458 2337 563 2391 arbitro
581 2338 823 2406 comprmnissorio.

198 2437 247 2502 13.
271 2435 309 2500 D.
323 2437 354 2522 4,
369 2437 399 2522 8,
412 2436 464 2502 50.
491 2436 628 2502 Alfenus
643 2437 726 2502 libro
742 2439 879 2522 septimo
895 2437 1114 2523 Digestorum.

105 2526 239 2592 Arbiter
263 2546 301 2588 ex
320 2526 553 2608 compromisso
573 2529 722 2609 sumptus
741 2547 814 2590 cum
833 2530 908 2590 ante
928 2548 999 2590 eum
1019 2527 1113 2609 diem,

105 2615 160 2699 qui
189 2615 384 2678 constitutus
401 2614 646 2698 'compromisso
675 2619 758 2698 erat,
786 2615 981 2678 sententiam
1010 2615 1113 2679 dicere

104 2727 170 2769 non
194 2709 318 2788 posset,
346 2703 431 2767 diem
454 2703 677 2788 compromissi
696 2703 832 2787 proferri
850 2702 997 2769 iusserat.
1031 2704 1114 2768 alter

105 2815 145 2858 ex
167 2792 388 2876 litigatoribus
411 2792 497 2856 dicto
522 2791 653 2856 audiens
677 2814 741 2857 non
764 2791 878 2856 fuerat.
923 2793 1114 2856 consuleba-

105 2886 159 2947 tur
193 2885 346 2965 possetne
378 2881 417 2944 ab
451 2903 488 2946 eo
521 2880 657 2966 pecunia
693 2903 732 2945 ex
769 2881 1002 2966 compromisso
1039 2882 1113 2966 peti.

106 2969 260 3055 respondi
282 2991 348 3034 non
370 2991 475 3054 posse,
498 2969 570 3035 ideo
594 2970 679 3053 quod
701 2992 768 3036 non
791 2974 876 3035 esset
899 2969 1022 3036 arbitro
1045 2993 1114 3054 per·

106 3063 256 3138 missum,
279 3063 315 3122 ut
337 3059 369 3122 id
392 3059 524 3123 iuberet.

332 3189 376 3277 De
394 3225 502 3294 arpenti
515 3226 586 3294 puri
599 3227 666 3293 pati
683 3227 890 3296 accidentiam.

197 3326 249 3390 14.
282 3322 364 3388 Gall.
384 3325 412 3402 7,
432 3323 465 3406 5,
487 3325 515 3389 1.
542 3361 579 3370 -
604 3327 639 3389 in
659 3326 789 3408 foedere,
817 3327 899 3407 qreod
920 3327 999 3390 inter
1015 3345 1114 3408 popte-

106 3415 172 3480 lam
203 3414 382 3479 &monum
418 3417 446 3477 et
477 3411 744 3498 Oortbupiuicnses
773 3415 931 3498 factumst,
967 3416 1114 3495 sumtum

106 3501 275 3581 invenitor,
302 3508 337 3566 ot
360 3501 627 3586 Cartbupiuienses
653 3504 819 3585 qreotonnis
835 3505 949 3586 populo
971 3502 1113 3567 Romano

106 3595 218 3660 durent
239 3596 353 3658 emtam
369 3593 494 3675 pondus
517 3594 636 3675 arpenti
651 3594 731 3675 pari
747 3593 828 3675 pati.
868 3593 1040 3674 quaesitum
1063 3595 1113 3674 cst,
