2614 3914
434 207 458 257 5.
483 202 511 258 C.
526 201 729 258 TREBATIUS
748 203 864 258 TESTA
1089 204 1155 269 409

525 380 569 435 De
582 398 659 450 penu
677 383 774 451 133333.

237 482 266 546 8.
296 480 335 546 D.
355 482 411 564 33,
429 481 464 566 9,
483 483 517 565 3,
537 484 566 546 1.
588 483 618 546 2.
672 480 832 564 Ulpianus
865 481 948 546 libro
980 481 1156 547 vicensimo

146 570 285 636 secundo
313 571 354 635 ad
382 532 539 634 Sbbinuin
567 566 617 657 (P.
636 569 749 658 2641).
795 571 906 636 Aristo
936 574 1030 636 notat
1015 573 1155 636 tetiam

146 681 228 745 quae
248 659 316 723 esui
334 659 489 760 potuique
509 681 576 724 non
591 663 666 723 sunt
685 659 842 724 contineri
860 660 969 744 legato
990 658 1157 744 (penoris),

128 754 181 814 ut
200 752 280 832 puta
299 770 345 832 ea,
364 748 398 813 in
417 748 534 832 quibus
554 770 623 812 esse
643 749 793 827 solemus,
812 749 918 813 oleum
934 748 1000 813 fort
987 753 1027 830 33,
1042 771 1156 832 garum

145 837 284 902 muriam
312 836 376 900 mel
398 840 573 921 'ceteraque
601 837 653 902 his
681 837 810 902 similia.
858 837 954 921 plane
972 837 1100 922 ¹inquit,
1129 839 1156 901 si
1222 861 1224 865 ·

144 948 248 1011 penus
269 925 434 990 esculenta
455 927 590 1011 legetur,
608 925 716 992 Labeo
734 927 817 991 libro
836 948 922 990 nono
941 927 1156 1010 posteriorum

146 1065 178 1081 ..
203 1015 316 1080 scribit
338 1014 421 1078 nihil
444 1037 554 1078 eorum
578 1014 699 1094 cedere,
722 1015 797 1100 quia
816 1037 882 1079 non
900 1015 980 1080 haec
999 1038 1077 1094 esse,
1101 1016 1156 1080 sed

144 1126 204 1189 per
228 1125 266 1168 33
289 1103 437 1168 solemus.
483 1103 656 1168 Trebatius
680 1105 713 1168 in
738 1105 833 1169 mello
857 1109 969 1170 contra
993 1104 1113 1171 scribit.

529 1270 573 1325 De
590 1275 659 1325 ueste
678 1272 776 1342 133333.

237 1372 265 1436 9.
298 1370 338 1434 D.
357 1371 413 1454 32,
432 1370 475 1435 29
489 1393 534 1454 pr.
580 1368 688 1434 Labeo
721 1372 805 1436 libro
833 1371 972 1435 secundo
1000 1372 1157 1456 posterio-

146 1483 219 1526 rum
248 1484 267 1525 a
294 1457 446 1524 Iauoleno
474 1460 725 1543 epitomatorum
750 1456 799 1546 (P.
822 1457 908 1544 171).
953 1458 1015 1536 Qui
1043 1483 1157 1525 concu-

147 1551 258 1614 binam
281 1549 433 1630 babebat,
410 1550 491 1612 tei
509 1552 633 1613 vestem
651 1549 782 1699 priorist
790 1549 985 1614 concubinae
1003 1549 1158 1613 utendam

147 1637 292 1723 dederat,
320 1638 432 1702 deinde
455 1638 502 1702 ita
529 1637 703 1721 legavit:
711 1641 833 1702 vestem
863 1659 944 1722 quae
968 1637 1036 1702 eius
1060 1659 1158 1702 33333

147 1731 256 1812 empta
284 1731 398 1811 parata
426 1724 531 1790 esset'.
578 1724 754 1790 Cascellius
782 1725 953 1790 Trebatius
981 1732 1104 1850 negalnt
1129 1727 1158 1790 ei

148 1815 258 1881 deberi
280 1816 397 1900 prioris
421 1812 618 1880 concubinae
641 1836 739 1879 33333
762 1818 884 1899 parata,
909 1817 1052 1899 quumvis
1059 1814 1158 1879 ¹alia

147 1905 293 1971 condicio
319 1907 405 1968 33333
426 1905 461 1968 in
485 1925 593 1969 uxore.

533 2068 577 2124 De
593 2069 658 2125 cino
677 2069 771 2140 333333.

241 2171 289 2235 10
317 2170 356 2235 D.
376 2173 428 2254 33,
448 2172 477 2251 6,
498 2170 548 2236 15
585 2169 744 2236 Proculus
767 2169 850 2234 libro
875 2170 1012 2234 secundo
1037 2135 1158 2254 epistu-

147 2261 254 2325 larum
277 2258 325 2344 (P.
344 2257 389 2344 5)
420 2221 557 2323 Vinum
580 2281 652 2324 cum
676 2260 761 2324 vasis
785 2259 917 2343 legavit.
961 2265 1061 2343 negat
1047 2259 1158 2324 tTre

149 2349 217 2414 bat
193 2353 257 2414 trus
286 2348 408 2432 quod
399 2371 432 2412 1n
460 2347 626 2412 doliist
582 2349 626 2412 sit
650 2348 815 2413 deberiet
837 2370 967 2413 sensum
990 2350 1158 2414 testatoris

150 2439 250 2503 alium
276 2441 373 2522 putat
401 2459 484 2519 esse,
511 2439 685 2502 verborum
707 2438 820 2501 alium:
850 2443 992 2502 ceterum
1016 2437 1102 2501 dolia
1124 2440 1158 2501 in

148 2527 235 2592 vasis
260 2526 390 2591 vinariis
413 2547 480 2590 non
504 2527 650 2606 esse[nt].

445 2691 489 2746 De
507 2707 576 2745 acro
594 2697 620 2745 et
637 2695 749 2762 3333333
767 2691 861 2760 leuato.

241 2796 289 2858 11.
313 2792 353 2858 D.
372 2794 428 2876 32,
448 2792 526 2877 100,
545 2793 575 2856 2.
612 2790 783 2857 Iavolenus
805 2791 882 2856 ibid.
927 2790 1045 2857 <Uxori
1068 2813 1158 2856 meae

149 2886 281 2965 vestem,
304 2882 458 2946 mundum
477 2882 675 2962 muliebrem,
698 2885 887 2946 ornamenta
905 2882 1023 2966 omnia,
1046 2903 1158 2945 aurum

150 2977 320 3056 argentum
344 2971 429 3055 quod
453 2971 519 3035 eius
543 2992 641 3035 33333
662 2969 784 3035 factum
807 2974 1020 3054 paratumque
1044 2972 1160 3050 es[se]t

151 3082 245 3127 omne
264 3061 305 3124 do
324 3058 420 3145 lego’.
452 3059 624 3124 Trebatius
642 3059 723 3124 haec
740 3060 839 3124 verba
858 3058 955 3143 ‘quod
975 3061 1043 3124 eius
1062 3081 1160 3124 causa

149 3150 271 3214 factum
297 3153 510 3232 paratumque
534 3147 594 3213 est'
620 3149 661 3214 ad
685 3170 797 3213 aurum
820 3153 853 3212 et
876 3155 1047 3232 argentum
1070 3149 1159 3210 dum·

149 3244 242 3303 taxat
264 3237 375 3302 referri
397 3242 500 3322 putat.

243 3327 294 3392 12.
321 3325 360 3390 D.
379 3328 437 3408 44,
455 3328 484 3404 2,
503 3326 555 3391 20.
592 3325 789 3409 Pomponius
812 3325 896 3390 libro
920 3328 1011 3388 sexto
1035 3323 1159 3388 decimo

152 3417 193 3482 ad
227 3413 383 3480 Sabinum
416 3414 465 3498 (P.
489 3414 576 3498 634).
627 3413 661 3479 Si
693 3437 732 3480 ex
758 3418 953 3479 testamento
982 3415 1088 3478 actum
1117 3411 1161 3476 sit

225 3588 238 3635 1
263 3583 362 3638 emend.
383 3581 512 3650 Parcae,-
535 3579 583 3634 Fl.
603 3578 677 3648 quia.
