2600 3908
327 181 349 230 8.
378 173 531 230 SERVIUS
551 175 735 232 SULPICIUS
754 177 872 232 RUFUS
1043 181 1104 242 147

84 362 173 419 penu
211 337 291 402 esse'
328 334 420 424 (Gell.
443 345 477 420 4,
500 349 530 419 l,
546 335 612 424 20).
668 351 700 403 at
738 344 874 404 Servium
911 365 970 405 non
1007 349 1106 408 omnia

84 435 255 510 unguenta,
279 431 499 507 comprehensis
523 431 615 491 etiam
637 433 747 508 quibus
770 434 906 492 luxuriae
930 453 1021 495 causa
1040 441 1105 496 uts-

84 522 216 598 bantur,
249 520 300 578 sed
334 523 447 578 certum
479 523 599 579 tuntum
626 523 772 599 unguenti
801 540 895 599 genus
922 525 1026 599 penori
1053 526 1104 584 ad·

84 609 235 668 tribuisse
253 627 308 684 pro
328 611 410 668 certo
429 609 500 668 licet
519 609 665 686 statuer03
689 609 721 669 id
738 629 810 671 vero
829 629 924 688 genus
943 631 1002 672 non
1021 614 1104 673 aliud

84 698 184 758 fnisse
207 699 283 774 puto
305 716 395 772 quam
412 698 517 757 Italico
538 699 603 757 oleo
622 701 654 758 et
671 699 786 759 Italicis
805 700 906 760 herbis
926 703 1103 765 confectum.

86 789 125 846 cf.
150 786 331 864 Marquardt
349 785 407 845 VH
429 807 457 861 p.
477 789 541 846 427
566 790 598 846 et
624 790 694 848 763.

181 875 278 946 Quam
299 875 446 934 rationem
466 875 588 935 Servius
606 876 638 934 in
657 877 854 936 diiudicandis
872 878 962 937 rebus
981 885 1102 940 secutus

86 966 142 1043 sit,
173 965 235 1024 slis
263 963 398 1040 exempla
425 965 594 1026 ostendunt.
645 966 753 1024 silvam
780 967 922 1026 caeduam
949 987 1008 1027 non
1035 987 1102 1028 cum

87 1054 158 1114 aliis
183 1072 249 1112 eam
274 1052 414 1126 definivit,
439 1071 514 1130 quae
538 1053 570 1112 in
592 1054 649 1113 hoc
672 1054 842 1133 haberetur,
865 1057 901 1114 ut
920 1057 1101 1136 caederetur,

87 1142 141 1202 sed
173 1142 276 1220 potius
309 1159 388 1218 eam,
421 1135 513 1218 ‘quae
546 1143 662 1202 succisa
693 1162 798 1203 rursus
831 1163 866 1202 ex
899 1145 1043 1221 stirpibus
1071 1150 1102 1206 et

85 1232 242 1291 radicibus
278 1223 463 1290 renascitur'
500 1221 549 1312 (D.
574 1234 630 1309 51,
650 1235 706 1309 16,
726 1233 768 1292 30
777 1226 844 1313 pr).
901 1233 1006 1293 deinde
1042 1255 1103 1294 non

87 1324 196 1380 contra
213 1322 355 1378 naturam
369 1319 521 1378 societatis
537 1338 601 1379 esse
615 1321 807 1398 existimavit,
826 1322 932 1398 siquis
947 1316 1102 1382 ‘maiorem

85 1412 207 1486 partem
233 1409 380 1486 lucretur,
409 1409 551 1467 minorem
576 1409 678 1467 damni
699 1403 858 1486 praestet'3
886 1410 976 1471 immo
1000 1413 1100 1488 potius

85 1499 132 1558 ita
164 1516 284 1576 quoquc
314 1497 488 1556 societatem
517 1497 589 1557 coiri
616 1515 704 1573 posse
732 1496 819 1574 dixit,
852 1492 903 1558 ‘ut
931 1501 997 1576 quis
1024 1501 1101 1560 nihil

87 1587 210 1647 omnino
234 1587 334 1645 damni
357 1589 499 1662 praestet,
522 1585 575 1646 sed
597 1581 673 1645 lucri
695 1589 812 1662 purtem
834 1588 943 1664 capiat,
967 1590 1099 1649 simodo

87 1695 181 1752 opera
208 1676 272 1734 eius
300 1679 362 1733 tam
390 1675 521 1751 pretiose
547 1675 700 1752 videatur,
732 1678 766 1734 ut
794 1693 923 1753 aequum
951 1678 1003 1750 sit,
1032 1697 1099 1737 eum

88 1782 158 1824 eum
185 1765 241 1824 hac
263 1763 401 1934 p3ctione
424 1764 456 1822 in
480 1764 653 1824 societatem
676 1757 808 1823 admitti'
832 1756 876 1846 (J.
897 1767 926 1841 3,
947 1768 996 1838 25,
1018 1769 1036 1826 2
1058 1793 1099 1814 =

89 1853 154 1913 Gai.
176 1855 310 1930 3,149.

178 1941 296 2001 Primus
324 1960 425 2000 rerum
452 1941 699 2019 negotiorumque
724 1944 866 2000 naturam
891 1941 1012 2002 Servius
1036 1944 1101 2002 dili-

87 2033 196 2110 genter
223 2031 377 2107 explorsre
402 2030 531 2090 studuit:
559 2030 661 2108 itaque
689 2031 725 2090 de
753 2050 854 2089 rerum
881 2031 977 2109 vitiis,
1006 2032 1041 2092 de
1067 2054 1099 2092 re

86 2119 247 2197 principali
278 2123 308 2179 et
341 2120 378 2178 de
409 2119 590 2198 accessione,
623 2120 659 2179 de
689 2119 832 2195 temporis
860 2122 891 2180 et
918 2120 1098 2182 condicionis

86 2210 219 2283 ratione,
249 2209 284 2267 de
313 2208 394 2284 dolo,
422 2209 510 2284 culpa
538 2211 568 2268 et
591 2227 702 2284 errore,
730 2209 766 2267 de
789 2209 820 2269 ri
843 2210 891 2268 cui
916 2210 1015 2270 resisti
1039 2231 1098 2272 non

86 2301 189 2375 potest
221 2296 429 2374 similibusque
462 2297 578 2356 statuit.
628 2297 720 2357 verba
750 2297 805 2355 illa
833 2317 909 2374 quae
938 2298 1040 2359 (licere
1069 2301 1100 2360 in

85 2387 164 2447 libro
193 2387 229 2445 de
257 2386 373 2464 legibus
396 2385 532 2445 Atticum
557 2385 630 2466 facit
653 2386 800 2445 dicentem
824 2379 866 2467 (I,
882 2388 910 2463 5,
928 2380 995 2468 17):
1025 2382 1096 2449 ‘non

85 2495 159 2552 ergo
187 2494 206 2535 a
232 2474 380 2551 praetoris
408 2475 506 2535 edicto
534 2521 567 2534 ..
595 2493 691 2552 neque
719 2493 737 2533 a
764 2474 821 2532 XII
848 2475 962 2535 tabulis
988 2523 1020 2536 ..
1045 2477 1097 2536 sed

84 2564 233 2642 penitus
261 2582 302 2623 ex
329 2563 458 2622 intime
484 2562 719 2639 philosophie
744 2562 979 2622 hauriendam
1001 2564 1095 2624 iuris

86 2653 320 2729 disciplinam
338 2645 449 2729 putas',
469 2651 566 2712 Servii
581 2651 728 2710 rationem
746 2649 891 2710 indicant:
909 2669 980 2710 nam
998 2651 1094 2726 philo·

85 2744 251 2818 sophorum
279 2760 360 2801 more
384 2740 506 2801 Servius
534 2740 723 2817 negotiorum
747 2739 896 2798 elementa
919 2743 950 2799 et
972 2739 1094 2801 investi-

84 2833 172 2909 gavit
200 2833 231 2891 et
256 2829 403 2903 exhibuit,
430 2831 474 2888 ite
497 2833 532 2889 ut
554 2828 691 2888 hodierni
713 2829 856 2904 temporis
879 2828 954 2888 iuris
978 2831 1094 2890 consul·

84 2925 187 2981 torum
219 2919 382 2978 consimilis
414 2919 529 2994 primus
562 2917 715 2978 habendus
747 2917 795 2977 sit.
846 2917 898 2977 sed
930 2937 948 2977 a
973 2921 1096 2995 patrum

85 3009 302 3070 consuetudine
328 3027 388 3067 non
416 3008 554 3067 descivit:
583 3025 764 3086 quamquem
791 3004 972 3066 Graecorum
998 3009 1094 3084 philo·

86 3098 191 3176 sophia
210 3097 345 3156 imbutus
363 3099 463 3156 tamen
483 3095 595 3156 Graeco
615 3113 749 3154 sermone
768 3114 930 3172 nunquam,
950 3101 1095 3173 quantum

85 3187 209 3259 sumne,
238 3203 312 3245 usus
340 3188 393 3245 est.
441 3185 502 3245 uim
530 3184 627 3260 illam,
655 3183 704 3243 eui
731 3184 832 3244 resisti
859 3186 975 3262 nequit,
1004 3205 1094 3262 quam

84 3275 179 3336 (iuius
208 3292 275 3333 cum
299 3274 419 3334 Graecis
446 3277 521 3334 θεοῦ
546 3273 617 3352 βίαν
643 3274 777 3333 nominat
817 3273 852 3331 D.
873 3275 923 3348 19,
939 3276 967 3349 2,
983 3276 1033 3351 25,
1050 3267 1092 3354 2),

83 3367 147 3442 ipse
170 3365 265 3423 latino
284 3363 402 3422 nomine
421 3363 482 3423 vim
500 3362 631 3422 divinam
650 3362 784 3438 appellat
816 3362 851 3421 D.
872 3363 922 3440 39,
938 3364 966 3438 2,
982 3364 1032 3439 24,
1049 3359 1091 3441 2).

173 3452 337 3512 Auditores
357 3452 478 3512 Servius
501 3451 609 3511 habuit
626 3451 777 3526 plurimos.
815 3449 996 3526 Pomponius
1015 3451 1091 3523 §44

84 3541 200 3602 scribit:
239 3534 292 3601 ‘ab
320 3542 375 3600 hoc
402 3541 524 3618 plurimi
556 3539 747 3615 profecerunt
774 3584 807 3598 ..
835 3537 963 3598 Alfenus
992 3536 1091 3598 Varus

827 3636 881 3690 10*
