2600 3908
166 202 231 267 120
272 203 306 257 V.
328 201 475 256 SEPTIMI
488 198 587 256 SAEG.
602 199 698 255 IURIS
713 198 887 255 CONSULT.
903 198 1029 254 saclas
1044 198 1179 252 TERTIA

167 387 275 430 annua
306 365 395 429 bima
422 363 521 428 trima
548 363 599 428 die
627 362 715 428 dato'
735 414 741 426 .
758 410 786 427 ..
810 362 893 426 hano
983 361 1180 445 scripturam
1281 349 1283 356 ’

164 475 230 519 non
259 454 365 520 solum
394 453 433 518 ad
461 452 687 536 praecedentia
714 452 785 516 sola
811 453 935 536 legata,
963 451 1016 516 sed
1043 451 1083 515 ad
1105 452 1182 515 uni·
1282 473 1284 542 ’χ

165 565 259 608 versa
284 564 365 628 quae
387 545 584 606 testamento
608 541 771 625 adscripta
794 545 884 623 sunt,
911 539 1040 604 extendi
1063 538 1180 604 Gallus
1283 597 1284 630 ,

165 630 341 717 Aquillius,
365 629 494 714 Ofilius,
518 630 689 695 Trebatius
712 629 956 714 responderunt.
1283 689 1284 694 ,

255 720 285 786 8.
317 719 356 785 Ι).
379 720 436 799 34,
456 719 489 801 2,
509 719 551 783 32
580 720 649 800 51.
698 717 819 782 Paulus
851 718 935 782 libro
967 717 1107 783 secundo
1136 719 1179 783 ad
1283 749 1284 766 ι

165 808 336 874 Vitellium
347 806 397 896 (P.
408 804 520 894 2074).
544 806 648 891 (Auro
662 806 749 872 facto
766 807 1017 872 adnumerantur
1030 827 1180 891 gemmae
1283 831 1284 854 ι

166 898 269 964 anulis
280 898 424 963 inclusae
434 947 440 962 .
452 947 458 962 .
470 943 477 960 .
487 897 615 980 cymbia
630 899 783 980 argentea
798 897 913 961 crustis
924 895 1030 961 aureis
1040 895 1180 980 illigata,

165 987 374 1071 margaritae,
392 1007 473 1069 quae
491 985 540 1050 ita
558 985 756 1049 ornamentis
777 984 989 1050 muliebribus
1008 988 1180 1050 contextae
1284 989 1285 1050 l

165 1078 251 1157 sunt,
276 1075 367 1139 utin
391 1074 442 1138 his
466 1077 615 1158 aspectus
639 1074 711 1138 auri
733 1075 898 1158 potentior
921 1070 979 1160 sit)
1078 1094 1179 1138 aurea
1284 1099 1285 1136 l

166 1163 370 1246 emblemata,
389 1184 471 1247 quae
487 1163 519 1228 in
534 1161 698 1246 lapidibus
713 1162 878 1246 apsidibus
893 1165 1055 1246 argenteis
1070 1167 1179 1254 essent
1284 1171 1285 1236 ᾗ

166 1257 199 1317 et
221 1253 419 1336 replumbari
441 1257 587 1337 possent,
611 1250 720 1315 deberi
744 1250 858 1316 Gallus
882 1253 936 1315 ait.

254 1341 300 1406 9:
318 1340 356 1404 D.
374 1342 432 1426 40,
451 1342 484 1424 7,
504 1341 546 1406 39
560 1363 608 1426 pr.
662 1339 835 1406 Iavolenus
868 1340 953 1404 libro
988 1343 1104 1424 quarto
1138 1362 1179 1403 ex
1284 1349 1285 1358 ’

76 1473 79 1478 -
164 1430 398 1514 posterioribus
427 1429 588 1495 Labeonis
616 1425 667 1516 (P.
688 1425 776 1516 196).
824 1427 985 1494 ‘Stichum
1012 1420 1106 1493 Attio
1135 1429 1177 1494 do

166 1519 240 1604 lego
259 1522 300 1603 et,
320 1519 347 1584 si
366 1520 394 1583 is
414 1519 444 1584 ei
461 1541 611 1584 nummos
630 1521 759 1584 centum
779 1517 910 1602 dederit,
928 1517 1012 1582 liber
1029 1517 1131 1582 esto'.
1146 1567 1177 1582 ..

165 1629 238 1672 eum
253 1657 261 1674 .
275 1658 283 1672 .
298 1659 305 1673 .
320 1607 549 1672 statuliberum
568 1629 637 1672 esse
652 1607 688 1684 Q.
703 1606 838 1692 Mucius,
857 1605 990 1672 Gallus.
1005 1657 1012 1672 .
1027 1656 1035 1673 .
1048 1609 1177 1692 putant,

167 1695 298 1762 Servius
321 1695 435 1762 Ofilius
458 1719 524 1761 non
547 1718 616 1762 esse

256 1786 306 1850 10.
329 1784 368 1849 D.
383 1787 412 1868 8,
427 1785 457 1868 5,
472 1786 492 1850 6
510 1787 574 1865 §2
609 1784 769 1868 Ulpianus
788 1785 872 1849 libro
892 1785 1030 1868 septimo
1050 1785 1175 1850 decimo

166 1874 206 1938 ad
230 1874 368 1939 edictum
389 1874 437 1960 (P.
457 1874 546 1959 598).
587 1871 699 1937 Etiam
723 1873 761 1938 de
781 1875 946 1957 servitute,
969 1895 1050 1957 quae
1069 1873 1176 1937 oneris

164 1963 288 2028 ferendi
317 1984 415 2027 causa
439 1963 593 2045 imposita
616 1961 689 2044 erit,
717 1963 802 2028 actio
826 1962 921 2026 nobis
944 1960 1111 2045 competit,
1141 1965 1178 2024 ut

167 2055 200 2116 et
223 2073 322 2115 onera
342 2051 427 2114 ferat
446 2054 479 2113 et
498 2051 644 2116 aedificia
662 2051 787 2116 reficiat
805 2052 845 2115 ad
865 2073 937 2115 eum
957 2051 1097 2134 modum,
1121 2051 1177 2134 qui

168 2141 322 2204 servitute
345 2139 500 2222 imposita
523 2139 774 2222 comprehensus
798 2145 855 2205 est.
897 2145 930 2204 et
948 2138 1062 2204 Gallus
1082 2143 1177 2223 putat

167 2249 232 2292 non
250 2248 346 2311 posse
365 2228 412 2291 ita
431 2227 619 2292 servitutem
637 2228 770 2312 imponi,
789 2232 826 2292 ut
845 2230 917 2313 quis
935 2228 1041 2293 facere
1056 2228 1177 2312 aliquid

166 2319 348 2401 cogeretur,
372 2316 427 2380 sed
450 2338 491 2381 ne
515 2337 566 2380 me
588 2317 694 2380 facere
717 2317 910 2400 prohiberet.

155 2486 158 2492 Ι
256 2405 307 2470 11.
339 2404 377 2469 D.
399 2405 452 2488 19,
475 2405 567 2488 1,17
592 2405 662 2485 §G
707 2404 868 2490 Ulpianus
896 2407 980 2471 libro
1006 2406 1176 2490 trigesimo

167 2493 306 2559 seeundo
335 2494 376 2558 ad
405 2495 544 2559 edictum
568 2492 615 2580 (P.
635 2491 743 2582 938⁰).
789 2491 823 2559 Si
851 2498 926 2559 ruta
953 2497 986 2558 et
1009 2516 1102 2559 caesa
1125 2517 1178 2559 ex-

167 2583 327 2669 cipiantur
358 2584 391 2647 in
424 2583 621 2667 venditione,
653 2605 691 2648 ea
722 2584 847 2668 placuit
876 2605 946 2648 esse
973 2586 1061 2667 ruta,
1094 2605 1177 2667 quae
1286 2659 1287 2664 γ

166 2676 258 2737 eruta
282 2678 367 2756 sunt,
381 2677 427 2738 -ut
450 2673 580 2753 harena,
606 2677 694 2738 creta
717 2681 750 2737 et
772 2673 903 2738 similia:
927 2694 1022 2738 caesa
1040 2694 1079 2736 ea
1096 2693 1177 2757 esse,
1285 2669 1287 2734 l

165 2765 203 2825 ut
226 2761 358 2826 arbores
382 2784 493 2828 caesas
517 2766 551 2827 et
574 2763 732 2827 carbones
756 2762 864 2827 ethis
888 2761 1016 2827 similia.
1060 2758 1176 2825 Gallus

167 2854 275 2914 autern
299 2851 471 2936 Aquillius,
494 2852 583 2916 ouius
607 2849 694 2914 Mela
716 2850 816 2916 refert
839 2850 1034 2934 opinionem,
1129 2850 1178 2914 ait

165 2938 289 3002 frustra
311 2939 344 3001 in
368 2939 439 3022 lege
462 2939 658 3004 venditionis
680 2938 719 3004 de
742 2940 824 3003 rutis
847 2944 880 3003 et
898 2938 1000 3004 caesis
1019 2939 1177 3002 contineri

167 3028 189 3108 [,
208 3027 292 3110 quia,
311 3027 423 3090 sinon
443 3027 627 3111 specialiter
645 3026 825 3111 venierunt,
844 3028 883 3092 ad
903 3027 1118 3092 exhibendum
1137 3028 1176 3092 de

164 3114 217 3179 his
240 3115 293 3199 agi
317 3117 448 3198 potest}

257 3204 306 3268 12.
334 3203 371 3268 D.
385 3205 438 3288 43,
452 3205 505 3288 24,
520 3206 549 3284 l,
562 3205 593 3269 4.
634 3202 792 3288 Ulpianus
811 3205 896 3270 libro
915 3205 1175 3290 septuagensimo
1286 3251 1287 3266 2

165 3293 270 3378 primo
295 3293 335 3356 ad
359 3293 497 3358 edictum
522 3292 570 3380 (P.
592 3291 701 3377 1594).
742 3293 842 3378 (apud
865 3292 1027 3358 Iulianum
1051 3294 1175 3379 quaeri·

165 3390 228 3464 tur,
252 3405 292 3446 an
316 3383 394 3447 haec
418 3384 563 3467 exceptio
586 3389 702 3447 noceat
725 3384 758 3446 in
783 3384 844 3448 hoc
866 3382 1051 3448 interdicto:
1078 3381 1174 3468 ‘quod

165 3493 230 3536 non
262 3476 299 3536 tu
332 3472 364 3536 vi
390 3477 448 3536 aut
476 3474 559 3537 clam
587 3469 740 3556 feceris'.)
790 3478 840 3537 est
869 3476 901 3536 et
928 3473 994 3536 alia
1021 3475 1177 3558 exceptio,

166 3560 205 3626 de
233 3582 298 3644 qua
325 3559 438 3628 Celsus
467 3561 610 3645 dubitat,
637 3583 679 3625 an
708 3563 752 3626 sit
775 3561 957 3626 obicienda:
985 3565 1022 3625 ut
1044 3566 1124 3646 puta
1148 3566 1175 3626 si
