2600 3908
393 209 434 257 14.
458 202 487 258 C.
502 200 696 268 AQUILLIUS
715 199 856 256 GALLUS
1067 197 1129 262 121

117 365 258 431 incendii
287 365 415 431 eroendi
443 387 541 430 oeuss
567 364 665 430 vicini
693 365 787 428 aedos
815 363 963 428 intercidi
985 367 1019 428 et
1045 363 1131 449 quod

116 456 150 519 vi
173 459 231 520 aut
255 455 337 520 olem
361 475 487 520 meeum
506 457 632 539 egetur,
655 457 712 519 sut
730 453 840 517 domni
857 453 984 518 iniuria.
1017 451 1130 517 Gallus

116 544 204 609 enim
233 543 375 628 dubitat,
403 566 444 607 eu
468 544 572 627 excipi
596 545 772 626 oporteret:
795 540 893 626 ‘quod
915 541 1056 606 incendii
1079 541 1130 605 de·

115 632 269 697 fendendi
301 654 399 697 eausa
431 633 552 698 fuctum
580 653 646 696 non
674 630 738 696 sit'.
788 628 918 696 Servius
946 633 1055 695 eutem
1084 630 1131 695 ait

116 726 150 786 et
172 743 204 806 q.
226 745 251 786 s.

206 815 372 875 Mommsen
395 834 449 892 pro
468 813 547 874 Celsi
570 815 689 874 nomine
709 812 790 872 Galli
811 812 969 873 substituit
988 815 1020 872 et
1037 813 1131 874 verbu
1242 855 1244 860 -

115 899 238 964 ‘Gallus
257 904 337 964 enim
355 898 486 964 dubitet'
506 904 599 964 delet:
618 922 725 964 vereor
742 905 779 962 ut
796 906 887 962 reete.
921 921 990 962 nam
1009 901 1130 962 Celsum

114 993 172 1053 heo
205 994 242 1053 de
274 1012 306 1053 re
339 987 510 1071 disputasse
542 993 602 1052 olis
627 991 800 1053 testimonie
827 992 934 1051 docent
961 1009 980 1051 u
1007 991 1129 1050 Lenelio

115 1083 212 1142 allate
235 1082 273 1142 D.
293 1086 321 1159 9,
342 1085 370 1156 2,
389 1085 441 1161 49,
462 1087 478 1142 1
505 1085 536 1142 et
558 1084 610 1157 47,
631 1084 708 1158 9„3,
728 1084 746 1141 7
767 1075 814 1154 (P.
832 1074 920 1161 262),
943 1080 1130 1158 eundemque

115 1172 193 1232 alies
222 1172 315 1254 etium
338 1169 460 1231 Gallum
482 1171 653 1248 Aquillium
679 1170 850 1230 nominasse
873 1170 1038 1229 Mommsen
1065 1169 1130 1246 ipse

114 1261 240 1339 indicet,
263 1260 373 1338 quippe
397 1260 450 1338 qui
472 1260 508 1320 D.
528 1262 580 1336 50,
596 1261 646 1329 16,
662 1262 703 1319 96
728 1252 849 1339 (Celsus
872 1258 949 1318 libro
967 1259 1129 1318 vicensimo

115 1342 223 1426 quinto
235 1340 446 1431 Digestorum)
463 1348 543 1409 Gelli
557 1348 685 1424 Aquillii
698 1366 806 1408 nomen
820 1347 997 1408 restituerit.
1026 1347 1129 1423 itaque

114 1439 173 1499 hoo
201 1457 321 1516 quoque
345 1440 411 1498 loeo
436 1436 542 1498 Celsus
565 1456 634 1496 oum
658 1435 744 1496 Gallo
769 1430 921 1496 ‘dubitati
966 1435 1131 1512 Ulpianum

114 1528 148 1586 in
180 1527 267 1587 libris
301 1527 339 1586 ed
370 1527 502 1587 edietum
528 1525 697 1602 Aquillium
724 1523 846 1584 Gallum
872 1525 922 1585 vel
954 1523 1130 1601 simpliciter

117 1616 242 1676 Gallum
265 1617 420 1676 nominare
443 1616 580 1677 videmus
603 1614 640 1672 D.
660 1616 689 1692 8,
709 1616 737 1688 5,
758 1617 786 1691 6,
807 1615 835 1672 2.
