2600 3908
150 216 215 279 100
246 214 294 270 IV.
309 213 455 268 SEPTIMI
469 212 567 268 SAEO.
582 211 678 268 lURIS
693 211 865 270 consum.
876 211 1000 268 SERIES
1015 213 1160 268 ALTERA

238 380 303 442 Gai.
318 381 370 459 111,
386 384 414 440 4.
435 428 440 441 .
457 429 463 440 .
480 429 486 441 .
502 375 567 442 ‘nec
585 399 633 440 res
651 399 728 456 quae
743 375 869 458 <nostra
886 380 946 440 iam
965 376 1041 458 est),
1055 384 1160 441 nostra

149 471 278 548 amplius
301 471 366 531 fieri
389 474 497 546 potest.
539 471 627 546 plane
651 469 719 529 odio
737 470 848 545 furum,
872 489 931 546 quo
950 471 1047 548 magis
1065 470 1159 546 pluri·

147 561 204 620 bus
228 560 396 620 actionibus
419 561 589 636 teneantur,
612 562 767 635 receptum
789 562 845 636 est,
868 561 904 617 ut
927 561 1011 618 extra
1033 578 1160 635 poenam

148 649 233 725 dupli
256 651 310 708 aut
333 648 494 726 quadrupli
516 647 561 707 rei
581 647 767 723 recipiendae
786 647 904 707 nomine
924 647 1006 706 fures
1026 642 1160 726 e<tiam>

148 739 204 798 bac
227 737 343 798 actione
361 739 523 797 teneantur
541 736 585 795 >si
606 739 693 812 paret
711 754 761 796 eos
780 736 851 796 dare
870 739 1034 813 oportere«,
1056 755 1160 812 quam·

148 827 193 886 vis
222 827 263 886 sit
285 826 377 886 etiam
400 826 543 886 adversus
567 843 617 884 eos
640 825 713 884 hacc
737 826 829 901 actio,
857 844 1004 902 quarem
1026 829 1160 886 nostram

148 934 213 975 esse
236 908 388 990 petimus'.

235 1003 327 1063 Mucii
350 1003 528 1062 auctoritate
547 1003 579 1061 id
596 1004 750 1078 receptum
769 1002 872 1080 fuisse,
890 1002 1022 1062 indicare
1040 1002 1161 1063 videtur

146 1095 350 1171 fragmentum
372 1092 452 1168 qnod
475 1091 595 1152 subieci.

239 1186 266 1249 l.
284 1183 324 1249 D.
342 1185 436 1268 13,1‚
453 1184 503 1249 16.
534 1182 731 1267 Pomponius
746 1183 829 1248 libro
844 1183 1034 1268 trigcnsimo
1046 1187 1160 1249 octavo

148 1273 189 1337 ad
218 1273 374 1350 Quintum
397 1271 540 1337 Mucium
568 1269 616 1358 (P.
636 1268 727 1358 321).
773 1271 835 1347 Qui
862 1272 985 1337 furtum
1014 1272 1161 1338 admittit

147 1362 198 1427 vel
230 1383 265 1426 re
297 1361 501 1427 commodata
533 1362 583 1425 vel
616 1361 763 1445 deposita
791 1361 924 1444 utendo,
956 1361 1160 1427 condictione

149 1472 277 1535 quoque
300 1471 338 1514 ex
361 1450 481 1516 furtiva
503 1472 601 1516 causa
624 1450 840 1534 obstringitur
864 1499 893 1514 ..

238 1541 268 1605 2.
286 1539 326 1604 D.
338 1540 387 1616 12,
399 1541 429 1624 6,
439 1539 490 1605 52.
522 1538 722 1624 Pomponius
737 1538 822 1604 libro
837 1540 1011 1604 vicensimo
1021 1539 1160 1622 septimo

149 1628 189 1693 ad
208 1627 363 1704 Quintum
381 1628 523 1694 Mucium
543 1626 592 1712 (P.
611 1628 700 1711 291).
742 1626 865 1693 Damus
889 1631 945 1692 aut
968 1628 1009 1693 ob
1030 1650 1161 1694 causam

150 1721 208 1782 aut
230 1717 272 1783 ob
295 1738 378 1782 rem:
405 1717 446 1782 ob
470 1738 602 1782 causam
625 1717 843 1800 praeteritum,
868 1715 968 1782 veluti
992 1738 1064 1781 cum
1088 1717 1159 1782 ideo

150 1807 200 1890 do,
223 1806 309 1891 quod
332 1805 454 1890 aliquid
478 1829 497 1870 a
516 1811 549 1870 te
573 1808 764 1870 consecutus
784 1827 855 1869 snm
874 1805 926 1869 vel
944 1806 1020 1890 quia
1038 1805 1161 1890 aliquid

150 1917 169 1960 a
192 1899 225 1959 te
248 1895 372 1960 factum
396 1899 446 1959 est
468 1897 517 1977 ut,
546 1892 673 1958 etiamsi
697 1892 783 1958 falsa
806 1914 904 1958 causa
927 1895 984 1978 sit,
1008 1894 1160 1978 repetitio

150 1984 219 2048 eius
242 1984 397 2067 pecuniae
420 2003 487 2047 non
511 1983 568 2046 sit:
592 1982 726 2046 obrem
752 2003 826 2047 vero
850 1983 954 2067 datur,
977 1986 1014 2047 ut
1038 1983 1161 2068 aliquid

151 2076 317 2156 sequatur,
341 2091 404 2156 quo
427 2093 494 2136 non
518 2073 671 2154 sequente
694 2071 844 2155 repetitio
868 2073 1033 2155 competit.

237 2164 322 2224 Hanc
355 2163 538 2224 sententium
569 2163 663 2240 ipsius
693 2163 786 2224 Mucii
818 2183 881 2225 esse
909 2165 1032 2225 Pernioe
1060 2166 1160 2227 Labeo

150 2254 178 2329 Ι,
198 2255 262 2313 422
274 2272 318 2330 sq.
341 2252 471 2330 monuit,
498 2253 570 2331 quia
592 2252 773 2329 Pomponius
801 2253 837 2313 de
860 2254 938 2314 falsa
960 2272 1050 2314 causa
1073 2256 1162 2315 aliter

151 2342 269 2402 sentiat.
301 2342 321 2400 1.
341 2344 383 2402 23
402 2361 449 2418 pr.
470 2342 534 2402 eod.

239 2434 282 2499 3?
316 2433 354 2500 D.
380 2435 435 2516 12,
459 2435 493 2516 6,
516 2434 569 2500 50.
622 2434 819 2519 Pomponius
856 2436 939 2501 libro
974 2437 1086 2521 quinto
1120 2437 1161 2502 ed

152 2523 308 2600 Quintum
336 2522 479 2589 Mucium
508 2521 556 2608 (P.
581 2521 671 2610 242).
721 2523 814 2601 Quod
842 2525 913 2610 quis
942 2525 1046 2590 sciens
1074 2526 1161 2590 inde·

151 2612 368 2788 diotffioigddt
390 2612 452 2679 hac
475 2616 596 2697 mente,
623 2624 661 2678 ut
683 2617 798 2699 postea
819 2617 991 2702 repeteret,
1015 2620 1161 2700 repetere

239 2803 362 2864 Pernioe
384 2805 483 2865 Labeo
502 2805 526 2878 Ι,
542 2807 605 2864 423
625 2808 724 2884 1.25;
747 2806 802 2880 III,
818 2809 880 2866 239
901 2825 928 2867 1.
945 2809 963 2866 3
988 2807 1065 2866 hanc
1088 2827 1160 2885 quo·

152 2910 209 2968 que
233 2891 411 2951 sententiam
433 2893 525 2952 Mucii
548 2912 612 2953 esse
635 2913 722 2970 posse
745 2894 867 2955 iudicat.

534 3078 641 3138 Liber
665 3079 777 3141 1111111

152 3193 199 3251 De
215 3191 411 3265 publicatione
427 3191 619 3266 praediorum
637 3197 830 3270 bonorumque
847 3199 892 3256 cel
909 3199 944 3257 dc
961 3200 1026 3258 iure
1037 3199 1162 3273 populi?

241 3305 324 3366 Talis
347 3308 518 3386 argumenti
538 3312 704 3370 extremum
723 3311 814 3371 Mucii
831 3312 943 3372 librum
961 3313 1054 3373 fuisse
1072 3313 1161 3374 Pom-

152 3396 234 3473 ponii
260 3395 361 3454 ultimi
387 3397 458 3457 libri
482 3398 651 3477 fragments
673 3399 732 3460 duo
755 3392 803 3482 (P.
824 3403 897 3478 323,
917 3393 996 3482 324)
1019 3403 1161 3462 indicant.

153 3486 245 3546 etiam
268 3484 425 3562 Pomponii
452 3487 491 3546 ad
514 3485 657 3548 Sabinum
682 3489 758 3550 liber
781 3489 919 3566 ultimus,
946 3491 998 3566 qui
1021 3491 1057 3549 de
1079 3494 1161 3566 post-

152 3574 268 3634 liminio
301 3575 377 3653 agit,
409 3577 620 3653 publicationis
646 3579 828 3639 mentionem
855 3579 939 3638 facit:
972 3572 1086 3638 ‘verum
1114 3583 1161 3639 est
