2588 3908
331 234 357 282 8c
383 225 537 280 SERVIUS
555 225 741 281 SULPICIUS
758 225 876 281 RUFUS
1042 225 1106 290 Nl

15 407 16 470 ξ
191 391 266 454 109.
299 388 339 453 D.
361 391 418 471 21,
436 390 473 473 2,
494 390 552 472 69,
569 391 601 455 3.
660 388 814 454 Scaevola
849 389 934 453 libro
971 388 1110 454 secundo

15 493 17 554 ἱ
101 478 338 555 Quaestionum
367 476 418 564 (P.
441 477 531 565 138)
580 476 666 554 Quid
688 528 733 559 ..,
763 477 819 562 qui
850 477 973 542 iussum
1001 475 1111 543 decem

15 609 17 648 r
101 569 178 632 dere
204 569 398 651 pronuntiat
423 568 541 653 viginti
569 568 646 631 dere
673 567 801 644 debere,
831 587 939 631 nonne
970 567 1006 630 in
1037 587 1111 632 ccu-

15 661 16 666 ’
103 657 263 721 dicionem
295 657 473 720 mentitur?
607 656 737 740 quidum
764 655 1032 719 existimaverunt

15 735 17 796 l
101 749 251 811 odim
272 747 467 810 cocorant
487 743 580 810 essc¹z
607 745 664 809 sed
691 745 871 809 auctoritss
893 741 997 808 Servii
1018 765 1112 829 prse-

15 835 16 912 }
101 837 205 898 veluit
232 835 448 898 existimantis
470 833 533 898 hoc
555 856 632 899 casu
654 855 694 897 ex
716 839 825 918 empto
849 832 1009 898 actionem
1032 855 1111 917 esse,

15 923 16 976 Ῡ
101 925 252 988 videlieet
274 924 350 1006 quia
372 924 512 1006 putebat
533 945 616 1004 eum,
639 922 696 1008 qui
717 921 961 1006 pronuntissset
983 941 1110 986 seruum

15 1031 16 1088 ἢ
100 1013 220 1098 viginti
238 1012 316 1076 darc
334 1013 468 1093 iussum,
491 1011 711 1077 condicionem
729 1012 901 1096 excepisse,
924 1031 1006 1095 quse
1025 1019 1112 1075 esset

100 1103 135 1164 in
158 1101 275 1166 dando.

174 1201 189 1248 1
225 1196 350 1249 Itilrore:
382 1193 530 1249 evictionis
561 1193 775 1263 stipulationem
806 1193 942 1250 contrahi.
993 1195 1112 1250 restiterit

101 1267 137 1321 A.
155 1267 279 1321 Persice

192 1359 266 1424 110.
299 1357 338 1422 D.
355 1359 409 1437 44,
430 1361 460 1439 1,
481 1359 529 1421 14.
571 1357 708 1422 Alfenus
730 1355 838 1421 Verus
864 1357 948 1422 libro
972 1357 1112 1424 secondo

102 1447 315 1531 Digestorum
334 1447 383 1531 (P.
398 1443 465 1532 14).
495 1445 598 1509 Filius
616 1445 759 1510 familias
773 1445 969 1529 peculiorum
984 1467 1112 1512 serrum

101 1536 261 1618 vendidit,
286 1535 428 1620 pretium
456 1535 633 1620 stipulatus
661 1540 725 1598 est:
754 1535 782 1598 is
810 1533 908 1599 homo
932 1533 1112 1601 redhibitus

102 1633 135 1690 et
167 1630 284 1710 postes
312 1631 458 1689 mortuus
486 1627 545 1688 est.
593 1626 687 1706 peter
713 1619 915 1706 <families>²
943 1625 1112 1706 pecuniam

103 1715 144 1779 eb
160 1720 305 1798 emptore
319 1713 460 1797 petebat,
476 1733 572 1796 quem
587 1712 672 1776 filius
687 1710 863 1794 stipulatus
878 1717 957 1776 eret.
989 1713 1114 1796 placuit

103 1801 285 1886 <Serviod>
315 1824 452 1886 aequum
480 1823 549 1865 esse
577 1801 611 1865 in
639 1799 763 1865 fectum
790 1799 1011 1882 exceptionem
1039 1821 1114 1867 eum

102 1893 242 1957 obicere:
265 1891 360 1975 ‘quod
383 1890 521 1973 pecunie
543 1890 585 1954 ob
609 1889 773 1954 homiuem
795 1888 887 1953 illum
911 1889 1112 1974 expromissio

102 1987 167 2064 est,
191 1981 247 2064 qui
268 1979 450 2044 redhibitus
474 1978 545 2044 est'.

174 2089 190 2136 2
209 2083 261 2139 Fr.
281 2085 310 2136 et
327 2084 407 2152 peter
425 2082 493 2137 eius.

471 2207 515 2262 De
533 2206 608 2261 lectis
625 2207 750 2262 venditis.

194 2301 267 2364 111.
296 2299 332 2364 D.
354 2298 404 2382 18,
419 2299 449 2380 6,
465 2299 515 2364 13.
535 2297 586 2362 15.
631 2295 751 2362 Paulus
778 2295 862 2363 libro
886 2297 981 2362 tertio
1006 2294 1113 2363 Alieni

102 2390 318 2473 epitomerum
342 2383 393 2474 (P.
412 2385 479 2473 52).
524 2385 639 2452 Lectos
668 2389 793 2470 emptos
823 2385 949 2468 sedilis,
977 2406 1049 2452 oum
1078 2385 1112 2451 in

102 2481 155 2542 vio
182 2477 314 2562 publica
341 2477 439 2560 positi
468 2479 587 2558 esseut,
619 2475 774 2540 concidit:
806 2473 834 2539 si
862 2473 977 2539 traditi
1003 2477 1112 2540 essent

103 2567 244 2651 emptori
268 2569 325 2630 aut
347 2587 405 2648 per
428 2585 500 2628 eum
525 2563 670 2628 stetisset
693 2585 756 2648 quo
776 2563 881 2626 minus
900 2561 1113 2646 truderentur,

104 2656 262 2740 emptoris
285 2655 462 2738 periculum
482 2673 552 2716 esse
571 2651 686 2735 placet.
730 2649 814 2734 quod
835 2651 862 2715 si
881 2671 983 2735 neque
1002 2649 1113 2716 traditi

104 2747 214 2809 essent
235 2764 337 2826 neque
356 2745 483 2826 emptor
501 2740 535 2804 in
555 2762 646 2804 more
664 2739 782 2804 fuisset
801 2759 864 2824 quo
883 2739 989 2803 minus
1008 2738 1112 2806 trede-

103 2837 229 2916 rentur‚
252 2831 428 2896 venditoris
452 2830 629 2914 periculum
653 2829 722 2893 erit.

193 2935 347 2994 Alfenum·
360 2935 401 2994 sic
424 2935 486 2994 fere
510 2932 664 3010 scripsisse
687 2933 773 3009 puto:
798 2923 908 2992 ‘lectos
928 2977 933 2990 .
951 2977 956 2991 .
976 2929 1113 2992 concidit.

102 3025 223 3086 Servios
237 3026 271 3084 de
285 3042 359 3084 ecre
369 3025 513 3084 consultus
522 3023 682 3097 respondit:
697 3021 722 3081 si
731 3019 837 3081 tredIti
848 3021 956 3099 essent,
971 3021 1113 3098 emptoris

102 3115 272 3190 periculum
292 3131 364 3191 esse,
389 3113 414 3171 si
436 3131 534 3190 neque
553 3156 559 3170 .
576 3156 604 3173 ..
624 3110 824 3188 traderentur,
846 3109 1012 3171 venditoris
1035 3109 1111 3187 peri·

102 3205 205 3264 culum
231 3195 317 3262 esse?

406 3289 453 3348 De
475 3290 611 3349 locatione
634 3289 822 3348 condictione.

456 3396 500 3451 Dc
516 3397 606 3464 secde
624 3397 764 3452 conducto.

197 3499 269 3564 112.
302 3495 341 3560 D.
362 3496 416 3581 15,
435 3497 471 3580 3,
491 3497 541 3561 16.
583 3495 718 3560 Alfenus
747 3494 831 3558 libro
856 3491 995 3556 seeundo
1020 3489 1114 3577 Dige-

106 3593 231 3654 storum
255 3582 304 3672 (P.
325 3585 390 3670 11).
431 3584 568 3662 Quidem
592 3583 726 3649 fundum
750 3579 916 3648 colendum
942 3601 1033 3648 servo
1058 3603 1115 3647 suo
