2598 3910
192 209 257 275 304
284 210 358 266 unu
374 210 506 266 consur
520 209 723 266 sisennius
738 209 1047 266 consuunsnarns
1061 210 1202 267 renni
1288 167 1290 202 ‘³

191 374 381 440 abstulerat.
424 376 539 458 posteo
568 375 753 458 apparuerit
780 397 853 439 eum
881 374 937 459 qui
963 375 997 438 in
1020 374 1102 440 Asia
1130 379 1204 440 eret

154 530 155 534 ,
191 467 287 528 antea
324 463 497 528 decessisse
535 462 685 528 instituto
723 484 761 526 ex
792 466 885 547 parte
917 462 1051 528 dimidia
1082 463 1202 528 herede

190 556 400 636 procuratore
437 573 495 616 suo
533 555 565 616 et
602 570 640 616 ex
675 555 768 635 parte
801 552 874 616 alio.
928 551 1110 636 quaesitum
1143 557 1203 635 est,
1288 559 1289 562 ’

193 640 462 724 quemadmodum
490 640 631 724 ,pecunia
663 661 701 705 ex
730 640 908 706 hereditate
937 640 1075 725 petenda
1106 645 1203 706 esset.

191 750 381 813 responsum
401 733 450 793 est
469 729 510 792 ab
530 750 577 812 eo,
596 727 652 812 qui
664 733 854 812 procurator
868 728 936 794 eius
951 729 1073 814 fuisset,
1092 735 1203 795 totam
1289 729 1290 732 ’

191 813 431 902 [hereditatem]
438 867 446 899 ,
474 817 550 900 quia
577 837 616 882 ex
644 817 821 882 hereditate
851 839 888 882 ea
910 819 1045 902 pecunia
1069 818 1204 899 [fuisset

191 907 284 989 quae]
302 906 341 971 ad
356 911 597 989 procuratorem
617 927 656 971 ex
671 906 854 971 venditione
867 907 1075 991 pervenisset,
1089 911 1203 991 petere
1288 955 1289 958 ,

106 999 112 1012 '
191 1015 246 1058 eos
270 1001 427 1078 oportere,
451 997 484 1058 et
506 994 608 1059 nihilo
632 994 739 1058 minus
763 999 888 1078 partem
909 995 1074 1060 dimidiam
1096 996 1203 1076 [here-

190 1083 313 1164 ditatis]
344 1105 363 1146 a
391 1082 601 1147 coheredibus
629 1083 706 1147 eius.
751 1083 800 1148 ita
827 1083 910 1168 fore,
933 1084 1005 1148 sive
1031 1085 1139 1150 omnis
1164 1107 1204 1149 ea
1288 1125 1289 1130 κ

189 1171 326 1254 pecunia
354 1193 451 1254 penes
481 1193 553 1234 eum
582 1171 636 1254 qui
663 1177 853 1256 procurator
880 1173 1008 1254 fuisset,
1036 1173 1204 1258 resideret,

76 1301 77 1304 =
190 1263 226 1324 ut
249 1281 375 1324 omnem
398 1281 456 1344 per
477 1259 616 1324 iudicem
635 1261 676 1324 ab
695 1260 805 1325 eodem
824 1265 1057 1346 recuperarent,
1081 1263 1150 1327 sive
1172 1263 1203 1328 is

189 1352 315 1431 partem
342 1347 507 1412 dimidiam
538 1347 686 1412 coheredi
713 1371 771 1414 suo
800 1349 1005 1434 reddidisset,
1028 1351 1137 1434 ipsum
1162 1373 1203 1416 ex

189 1435 322 1588 diffie
349 1441 441 1535 parte
470 1440 503 1501 et
530 1459 568 1502 ex
596 1437 729 1502 dimidia
758 1438 930 1503 coheredes
954 1439 1022 1504 eius
1047 1439 1200 1505 condem·

277 1645 314 1704 cf.
338 1643 433 1706 Servii
455 1664 598 1723 responsa
622 1647 672 1706 60.

400 1876 500 1936 Libri
523 1869 616 1958 VI(?)
643 1895 757 1954 nsque
780 1879 823 1938 ad
845 1878 980 1936 XXXIII.

622 2011 669 2068 De
691 2012 761 2070 dote.

277 2128 328 2190 39.
353 2126 391 2191 D.
406 2128 458 2208 23,
472 2128 504 2210 4,
520 2127 569 2191 79.
606 2127 743 2192 Alfenus
765 2129 848 2194 libro
872 2130 967 2196 tertio
987 2129 1199 2216 Digestorum

190 2237 209 2278 a
227 2215 327 2279 Paulo
347 2215 598 2298 epitomatorum
618 2213 668 2302 (P.
681 2216 747 2301 57).
784 2218 881 2282 Aliud
900 2221 957 2302 est,
978 2219 1007 2282 si
1024 2224 1120 2302 pater
1138 2243 1199 2304 pro

189 2303 257 2366 filia
286 2303 393 2367 dotem
416 2303 581 2388 promisit,
601 2311 645 2369 'ut
668 2327 775 2370 annua
797 2307 885 2372 bima
907 2307 1005 2371 trima
1027 2309 1200 2392 quadrimo

190 2391 302 2474 quinto
329 2412 414 2456 anno
439 2392 497 2457 dos
521 2415 540 2457 a
568 2415 601 2458 se
624 2393 822 2480 redderetur,
852 2399 885 2460 et
907 2397 1071 2481 convenit,
1094 2401 1132 2464 ut
1154 2398 1198 2462 is·

189 2479 262 2544 dem
295 2479 407 2545 diebus
440 2481 497 2546 dos
530 2481 638 2548 soluto
670 2483 875 2548 matrimonio
903 2483 1101 2569 redderetur3
1134 2486 1199 2552 hoc

189 2569 275 2634 enim
297 2573 428 2654 pactum
451 2570 497 2634 ita
520 2571 622 2656 valet,
650 2571 678 2636 si
699 2573 788 2656 patri
810 2572 878 2636 filia
899 2572 992 2638 heres
1016 2575 1200 2640 exstitisset

190 2663 222 2722 et
244 2659 476 2724 interveniente
500 2681 538 2724 ea
560 2665 691 2744 pactum
714 2665 907 2726 conventum
930 2661 1035 2727 fuerit.

276 2779 313 2837 cf.
336 2778 434 2839 Servii
456 2798 598 2855 responsa
622 2782 673 2840 65.

553 2973 600 3032 Dc
622 2975 830 3052 donationibus.

276 3088 327 3153 40.
355 3089 394 3154 D.
409 3090 462 3172 24,
477 3091 505 3168 1,
520 3091 572 3156 38.
610 3091 748 3157 Alfenus
767 3093 849 3158 libro
868 3095 966 3160 tertio
985 3094 1197 3181 Digestorum

189 3176 327 3244 aPaulo
351 3179 601 3263 epitomatorum
621 3177 670 3267 (P.
685 3178 751 3267 59).
789 3178 906 3247 Servus
929 3186 1109 3250 communis
1133 3185 1197 3252 viri

111 3275 113 3280 ’
188 3271 221 3331 et
243 3265 354 3332 fratris
379 3268 446 3332 eius
470 3289 605 3353 puerum
629 3268 763 3336 donavit
781 3272 874 3336 uxori
892 3271 1012 3338 fratris.
1053 3295 1113 3358 pro
1132 3297 1197 3361 qua

187 3359 279 3440 parte
307 3356 335 3420 is
364 3377 473 3422 servus
502 3357 557 3440 qui
580 3357 733 3424 donasset
754 3359 815 3424 riri
839 3363 936 3438 esset,
958 3383 1017 3444 pro
1041 3383 1079 3427 ea
1101 3367 1195 3447 parte

189 3465 303 3509 munus
326 3467 391 3510 non
414 3467 483 3511 esse
507 3446 627 3511 factum
651 3447 796 3512 mulieris
819 3448 994 3532 respondit.

277 3563 312 3622 cf.
338 3563 434 3626 Servii
456 3583 598 3642 responsa
623 3570 673 3628 69.
