2598 3910
187 156 255 221 254
290 155 351 210 VH.
374 154 511 210 OCTAVI
529 153 627 210 SAEO.
642 153 737 209 IURIS
753 153 927 210 CONSULT.
944 154 1018 210 SER.
1035 153 1215 211 SECUNDA

188 319 317 384 mittere
355 321 535 402 oporteret,
575 317 666 382 iussu
704 317 845 382 nominis
884 315 994 382 Latini
1031 319 1214 403 conplures
1284 339 1285 348 ¹

186 413 318 474 nostroe
352 409 387 472 in
415 405 576 491 Capitolio
606 429 625 470 a
653 407 720 472 sole
748 405 871 471 oriente
898 407 1040 490 suspicis
1070 429 1214 491 operam

188 497 264 562 dare
289 495 412 562 solitos.
452 495 509 561 ubi
532 517 608 561 sves
632 495 841 580 addixissent,
863 495 1003 560 militem
1020 496 1123 580 illum,
1148 499 1213 582 qui

188 609 208 650 a
241 585 405 652 communi
439 583 534 648 Latio
572 585 691 649 missus
728 587 827 666 esset,
861 583 955 649 illum
992 606 1087 668 quem
1125 608 1211 652 aves

190 675 390 757 addixerunt,
413 678 595 758 praetorem
620 674 761 737 salutare
785 672 927 753 solitum,
950 674 1006 758 qui
1029 695 1104 738 eam
1125 697 1212 759 pro-

187 765 329 830 rineiam
345 764 515 848 optineret
537 761 696 846 praetoris
720 763 860 826 nomine.

452 1015 505 1077 IV.
528 1017 578 1075 De
602 1035 639 1074 re
662 1015 818 1074 militari
841 1015 936 1075 libri.

276 1134 332 1198 ‘De
356 1159 388 1199 re
410 1133 548 1199 militeri'
567 1140 752 1216 scripserunt
770 1139 920 1198 inferioris
939 1139 1049 1198 aetatis
1068 1141 1206 1202 11111111-

185 1232 274 1288 tenus
297 1229 446 1288 Paternus
470 1221 515 1308 (P.
542 1225 655 1309 1-3)‚
684 1229 791 1288 Arrius
814 1227 978 1288 Menander
1001 1221 1049 1309 (P.
1075 1223 1206 1310 1—13)

186 1321 217 1377 et
235 1317 383 1377 Aemilius
401 1318 500 1377 Macer
515 1313 560 1398 (P.
578 1310 732 1398 60-68).
774 1317 810 1376 cf.
829 1317 989 1392 Iustiniani
1002 1317 1206 1394 Digestorum

190 1399 257 1488 (49,
282 1399 339 1488 16)
363 1411 394 1466 et
417 1405 535 1467 Codicis
559 1398 626 1489 (12,
651 1401 707 1484 35)
730 1406 857 1464 titulum
880 1400 929 1465 ‘de
952 1426 984 1466 re
1007 1401 1157 1470 militari?

597 1629 704 1688 Liber
730 1628 786 1688 HI.

277 1749 306 1814 1.
339 1747 419 1814 Gell.
444 1749 500 1832 16,
518 1750 553 1834 4,
573 1749 602 1812 1.
633 1783 671 1794 —
702 1747 832 1814 Cincius
859 1747 894 1810 in
921 1745 1004 1811 libro
1032 1749 1131 1812 tertio
1161 1749 1203 1814 de

185 1859 220 1902 rc
243 1838 378 1902 militari
401 1838 547 1902 fetialem
567 1837 681 1921 populi
701 1835 841 1902 Romani
864 1835 983 1899 bellum
1001 1835 1205 1903 indicentem

185 1927 337 1992 hostibus
378 1927 545 2010 telumque
582 1927 616 1990 in
653 1947 766 2010 agrum
803 1946 914 1989 eorum
950 1924 1109 1989 iacentem
1145 1926 1204 1992 his

188 2015 295 2116 verbis
326 2015 374 2080 uti
402 2016 542 2117 scripsit:
576 2013 673 2098 ‘quod
700 2013 839 2115 populus
868 2011 1112 2078 Hermundulus
1140 2013 1203 2080 ho-

188 2101 1204 2276 1115111311.1ῗῒέιΐξέἐ11ἶῑξῗζῑ.1111111.ἳρ

189 2279 356 2344 Romanus
376 2301 448 2344 cum
466 2281 586 2364 populo
605 2280 829 2346 Hermundulo
848 2279 1098 2364 hominibusque
1117 2279 1202 2346 Her-

188 2367 351 2433 mundulis
374 2368 495 2434 bellum
519 2369 626 2446 iussit,
657 2371 698 2433 ob
722 2390 793 2432 eam
816 2390 885 2433 rem
909 2389 969 2453 ego
992 2369 1200 2454 populusque

188 2455 355 2522 Romanus
378 2459 499 2543 populo
522 2457 743 2523 Hermundulo
767 2457 1016 2542 bominibusque
1037 2457 1199 2524 Hermun-

188 2546 273 2611 dulis
298 2547 417 2613 bellum
441 2544 577 2636 (in)dico
600 2545 768 2631 facioque?

602 2775 712 2834 Liber
741 2773 777 2834 V.

275 2894 305 2957 2.
338 2891 418 2956 Geli.
444 2893 497 2976 16,
517 2895 552 2976 4,
571 2895 667 2958 2-4.
699 2930 736 2939 -
766 2891 848 2957 Item
875 2891 911 2956 in
938 2891 1021 2957 libro
1050 2893 1196 2958 eiusdem

187 2977 289 3044 Oincii
318 2980 356 3044 de
384 3002 419 3044 re
446 2981 580 3044 militari
608 2982 721 3066 quinto
749 2982 796 3046 ita
823 2981 978 3065 scriptum
1007 2983 1070 3046 est:
1100 3004 1196 3066 quum

184 3068 312 3132 delectus
334 3070 507 3150 antiquitus
528 3071 612 3152 fieret
629 3070 786 3134 ct'milites
804 3071 1011 3155 scriberentur,
1034 3072 1195 3137 induran-

184 3158 258 3221 dum
294 3177 343 3222 ecs
379 3158 520 3222 nicenus
556 3159 705 3224 militaris
741 3159 883 3242 edicebat
918 3161 952 3224 irc
982 3160 1073 3225 cerba
1105 3161 1194 3226 haec:

185 3244 232 3310 Ὃ.
256 3244 358 3310 Laelii
390 3244 425 3312 O.
456 3246 517 3311 filii
549 3247 702 3334 consulis,
733 3247 769 3312 L.
793 3246 936 3314 Cornelii
964 3247 998 3312 P.
1028 3247 1089 3312 filii
1118 3272 1193 3314 con-

186 3335 266 3400 sulis
295 3335 331 3400 in
355 3336 496 3402 exercitu
519 3335 690 3421 decemque
713 3337 805 3401 milis
827 3359 980 3422 passuum
1003 3359 1104 3422 prope
1128 3339 1191 3402 fur·

155 3456 157 3462 .
184 3428 254 3487 tum
282 3447 348 3489 non
376 3425 474 3491 facies
503 3425 578 3490 dolo
605 3427 688 3490 malo
718 3422 848 3512 (neque)
877 3427 964 3490 solus
992 3447 1095 3510 neque
1119 3448 1190 3491 cum

185 3512 330 3593 pluribus
359 3514 462 3598 pluris
485 3513 610 3580 nummi
633 3515 778 3599 argentei
803 3515 836 3577 in
860 3513 928 3578 dies
951 3513 1112 3600 singulos3
1139 3538 1190 3580 ex-
