2588 3908
178 198 241 262 170
280 197 325 254 VI.
350 195 715 253 333331333313313
735 195 906 252 consuti.
926 195 1050 253 scales
1068 194 1186 251 PRIMA

592 401 639 460 De
661 403 770 476 1333113.

265 525 387 588 Servius
410 545 470 586 333
492 526 579 586 modo
602 527 738 602 legatum
759 545 813 602 per
831 525 1053 585 damnationem
1071 514 1186 605 (heres

175 609 262 676 aaro’
294 615 331 675 n.
356 617 411 692 32,
436 617 491 691 33,
525 617 579 693 33,
602 617 632 692 4,
657 617 744 690 333,
777 617 832 692 33,
858 619 886 690 1,
909 617 961 691 40,
985 615 1019 690 3,
1052 615 1104 689 31,
1129 615 1184 690 34,

175 706 227 776 33,
253 706 280 782 1,
306 705 360 782 223
394 706 445 782 35,
471 707 499 781 1,
523 705 578 781 283
610 703 773 781 of.D.30,
794 704 855 764 106
885 696 927 762 ‘si
949 703 981 762 in
1003 704 1184 762 testamento

174 793 320 870 scriptum
348 795 439 852 esset:
471 793 558 852 heres
586 809 669 851 meus
694 836 724 853 ..
747 791 870 851 damnas
897 785 978 851 esto'
1009 809 1105 868 neque
1134 791 1185 850 ad·

175 881 345 957 scripsisset
368 876 450 942 ‘dare
469 873 537 962 ..’),
565 879 726 940 sedetiam
746 900 800 956 per
817 879 1049 941 vindicationem
1067 871 1117 960 (D.
1133 881 1183 955 33,

177 972 334 1048 7,15pr.;
358 973 410 1048 40,
430 973 458 1048 7,
480 972 566 1046 39pr.
590 963 639 1029 ‘do
663 962 755 1045 lego’3
783 970 817 1030 D.
839 970 890 1047 33,
910 971 938 1045 2,
958 971 1000 1029 40
1023 961 1131 1048 ‘lego')
1155 973 1184 1028 et

175 1059 326 1135 optionem
353 1059 486 1135 legatam
512 1058 648 1117 nominat
675 1052 726 1136 (D.
744 1059 847 1135 35,1,
864 1059 953 1136 38,1
984 1051 1082 1117 ‘Attia
1108 1077 1183 1118 uxor

173 1167 241 1208 mea
258 1150 362 1225 optato
377 1147 593 1225 Philargyrum
606 1165 742 1224 puerum,
761 1147 931 1224 Agatheam
950 1147 1090 1206 ancillam
1106 1141 1182 1226 ....’)

262 1235 368 1296 Μ31313
398 1239 429 1295 31
455 1236 534 1294 filiae
566 1236 598 1295 in
629 1234 788 1296 heredibus
819 1235 1013 1295 instituendis
1045 1234 1182 1296 Servium
1273 1311 1275 1322 ⁴

173 1325 355 1385 mentionem
373 1325 478 1384 fecisse
497 1324 637 1386 vidimus.
668 1325 700 1384 in
718 1324 827 1404 legatis
845 1324 954 1384 iterum
975 1324 1011 1384 de
1030 1323 1093 1382 filia
1110 1323 1182 1384 dicit
1273 1325 1276 1366 i

174 1406 225 1495 (D.
241 1416 292 1489 33,
304 1417 332 1490 1,
347 1417 403 1491 223
423 1416 514 1493 35,1,
528 1407 634 1493 2833.)
653 1417 684 1474 31
698 1415 819 1490 quidem
833 1415 864 1473 et
877 1407 916 1472 ‘si
930 1413 1080 1473 arbitratu
1094 1413 1181 1472 Lucii

173 1502 247 1562 Titii
269 1498 416 1578 nupserit'
440 1507 471 1564 et
490 1503 634 1581 quamdin
652 1494 866 1584 (Tribonianus
885 1493 1180 1584 ‘quotienscunque')

173 1585 276 1652 ‘vidua
303 1585 382 1652 erit’.
422 1592 558 1669 inprimis
583 1611 654 1653 3333
677 1611 753 1652 uxor
774 1592 947 1652 nominatur
971 1583 1020 1672 (D.
1037 1593 1088 1668 23,
1104 1594 1134 1666 5,
1149 1594 1182 1668 8;

173 1682 224 1758 33,
245 1683 295 1755 33,
317 1686 333 1741 1
354 1684 385 1741 er
404 1684 455 1760 eo,
475 1684 508 1758 3,
532 1684 583 1760 33,
602 1682 632 1758 4,
653 1683 739 1757 epe,
765 1683 815 1755 33,
836 1684 864 1756 3,
886 1682 935 1756 16,
956 1683 988 1757 3,
1013 1681 1181 1758 33313,

173 1771 224 1846 34,
244 1772 272 1848 2,
291 1772 326 1848 4;
355 1773 406 1849 35,
427 1775 454 1848 1,
474 1762 544 1851 28),
572 1769 619 1828 331
646 1769 696 1829 331
723 1769 776 1828 dos
803 1769 956 1848 relegatur
983 1769 1181 1846 33133311113

170 1858 291 1936 legatur
326 1860 375 1920 331
411 1859 523 1918 fundus
554 1858 601 1916 uti
631 1857 797 1917 1331333133
829 1860 890 1934 331,
927 1859 959 1916 13
991 1877 1049 1936 qno
1082 1861 1180 1934 pater-

171 1947 300 2008 familias
319 1948 384 2024 ipse
402 1947 568 2024 habitabat,
586 1947 636 2007 331
654 1946 780 2005 ancillae
800 1965 911 2023 333333,
929 1947 1065 2008 vellana
1082 1947 1181 2006 linum

170 2055 305 2110 purpura
331 2055 406 2112 quae
433 2036 535 2096 uxoris
563 2052 654 2094 causa
678 2038 786 2110 parata
808 2035 882 2110 sint,
914 2037 962 2096 331
986 2035 1067 2112 33113
1091 2037 1181 2112 33331

169 2127 224 2182 331
241 2124 368 2182 33311133
387 2125 535 2199 legantur.
566 2124 683 2201 legatas
702 2143 750 2183 333
769 2142 845 2201 quae
864 2124 909 2183 ita
921 2124 1101 2202 indicantur,
1120 2145 1181 2186 non

170 2212 268 2270 solum
287 2212 458 2289 separatim,
477 2212 528 2272 sed
546 2213 638 2271 etiam
656 2213 837 2272 coniunctim
855 2212 941 2272 datas
961 2231 1025 2272 3333
1043 2219 1181 2290 3333331.

257 2299 412 2376 Responsa
430 2321 488 2361 non
508 2300 669 2360 secundum
686 2302 856 2379 legatorum
870 2320 990 2378 genera,
1009 2302 1060 2362 sed
1074 2303 1178 2378 potius

169 2389 329 2448 secundum
352 2408 453 2449 rerum
476 2391 646 2468 legatarum
669 2391 873 2451 diversitatem
897 2391 1049 2451 collocavi.

542 2560 586 2615 De
603 2561 664 2616 dote
680 2561 808 2630 33133313.

255 2669 284 2732 9.
308 2667 346 2733 D.
365 2670 417 2754 23,
432 2669 462 2754 5,
477 2671 506 2736 8.
538 2669 676 2735 Alfenus
699 2671 782 2736 libro
805 2671 903 2736 tortio
923 2671 1131 2755 Digestorum
1156 2693 1177 2736 a

166 2755 268 2821 Paulo
287 2758 538 2841 epitomatorum
553 2757 601 2840 (P.
612 2757 678 2844 58).
710 2758 770 2822 Vir
783 2759 818 2823 in
832 2759 933 2825 fundo
949 2759 1052 2824 dotali
1066 2761 1177 2825 uxoris

166 2849 283 2928 rogatu
307 2846 461 2911 olivetum
485 2845 664 2911 succiderat
687 2847 820 2931 adhoc,
843 2851 880 2912 31
900 2849 1063 2913 novellum
1082 2871 1177 2932 repo·

166 2937 272 2996 neret:
294 2939 408 3016 postea
430 2936 480 2999 313
503 2938 647 2999 mortuus
671 2939 741 2999 erat
763 2939 796 3000 31
815 2937 908 3001 uxori
926 2937 1035 3001 dotem
1053 2938 1177 3022 relega·

168 3024 268 3084 verat.
314 3023 416 3106 ligna,
439 3045 521 3106 quae
545 3044 583 3087 ex
606 3024 726 3088 oliveto
750 3025 858 3088 excisa
881 3029 1001 3110 essent,
1024 3029 1176 3110 oportere

167 3109 295 3172 mulieri
318 3110 409 3173 reddi
432 3112 607 3192 respondit.

257 3198 307 3262 10.
330 3197 369 3263 D.
379 3199 431 3284 33,
442 3201 473 3282 4,
484 3199 558 3284 633.
581 3198 689 3264 Labeo
704 3201 789 3265 libro
805 3201 943 3268 secundo
958 3204 1175 3287 posteriorum

166 3309 185 3350 a
199 3286 352 3353 13331333
368 3289 619 3374 epitomatorum
635 3287 685 3375 (P.
696 3288 783 3375 118).
806 3289 888 3356 (inm
903 3294 1058 3376 scriptum
1072 3299 1174 3359 esset:

166 3373 259 3459 ‘quae
290 3378 427 3460 pecunia
458 3382 591 3461 propter
622 3400 754 3443 uxorem
783 3401 888 3444 meam
925 3381 966 3445 ad
1001 3404 1052 3446 me
1084 3385 1176 3448 venit

164 3465 408 3550 quinquaginta,
426 3466 617 3530 tantundem
636 3488 694 3550 pro
715 3489 753 3531 33
772 3468 847 3533 dote
861 3469 954 3533 heres
968 3491 1059 3534 meus
1075 3471 1174 3556 dato',

65 3615 89 3619 h
165 3555 311 3634 quamvis
342 3555 556 3640 quadraginta
583 3555 668 3619 dotis
695 3555 847 3638 fuissent,
878 3560 989 3622 tamen
1017 3559 1173 3644 quinqua·
