2588 3908
172 165 239 228 234
275 165 322 220 Vl.
347 163 481 220 OCTAVI
501 165 600 219 SAEC.
617 165 714 219 IURIS
734 164 907 220 CONSULT.
923 165 1049 220 suffles
1068 166 1185 222 PRIMA

171 335 294 407 [XVII.
325 335 404 405 Quod
422 351 483 390 cam
501 335 632 404 magistro
650 335 739 400 aoois,
757 335 884 389 institere
901 351 962 390 ecoe
980 337 1029 405 qut
1046 339 1078 391 ta
1096 339 1189 393 olima

203 419 336 484 potestate
354 419 392 468 est
410 414 547 484 argutiam
565 419 669 483 postam
687 430 742 468 esse
760 415 874 469 dicetur.
910 419 936 470 4.
960 417 1032 484 qaod
1050 417 1149 488 iussa]

261 516 291 578 4.
315 513 354 578 D.
364 515 417 598 46,
427 515 457 598 3,
468 513 520 580 35.
550 513 687 578 Alfenus
702 513 809 578 Varus
827 515 913 579 libro
933 516 1074 582 secundo
1089 515 1189 602 Dige-

173 606 297 668 storum
328 625 348 667 a
369 601 471 668 Paulo
501 603 752 686 epitomatorum
775 601 825 689 (P.
843 602 913 689 47).
959 603 1052 680 Quod
1075 627 1190 672 servus

173 714 213 757 ex
234 693 360 776 peculio
385 713 443 756 suo
467 691 656 756 credidisset
679 696 735 756 aut
757 691 974 777 deposuisset,
997 693 1098 778 idei,
1121 696 1190 759 sive

172 782 314 846 venisset
338 781 405 846 sive
429 781 648 846 manumissus
672 784 768 862 esset,
792 784 878 846 recte
899 782 981 846 solvi
999 803 1090 867 posse
1109 785 1189 865 [nisi

172 869 283 954 aliqua
304 891 402 934 causa
420 869 629 952 interciderit,
652 891 773 954 exque
792 869 939 955 intellegi
957 871 1063 954 possit
1082 873 1188 937 invito

172 979 220 1042 eo,
239 959 329 1023 euius
348 962 417 1023 tum
436 959 464 1022 is
484 980 595 1023 servus
614 958 740 1041 fuisset,
764 958 793 1022 ei
813 959 919 1040 solvi}
952 960 1008 1023 sed
1026 964 1060 1024 et
1073 961 1102 1025 si
1116 963 1190 1046 quis

172 1045 368 1111 dominicam
395 1047 565 1130 pecuniam
594 1047 634 1112 ab
661 1069 698 1112 eo
722 1047 907 1112 faeneratus
931 1051 1032 1128 esset,
1061 1050 1089 1114 si
1117 1073 1189 1134 per-

172 1137 274 1200 missu
302 1136 424 1200 domini
456 1158 568 1201 servus
595 1136 765 1221 negotium
793 1135 990 1202 dominicum
1024 1140 1191 1223 gessisset,

171 1225 257 1288 idem
290 1225 370 1289 iuris
399 1246 477 1290 esse:
509 1223 613 1290 videri
646 1225 731 1290 enim
760 1225 929 1290 voluntate
962 1225 1084 1291 domini
1118 1229 1189 1312 [qui

171 1335 245 1378 cum
265 1335 357 1379 servo
376 1313 543 1399 negotium
562 1314 788 1394 contraheret]
808 1317 840 1379 et
864 1315 906 1378 ab
930 1335 967 1380 eo
987 1317 1133 1400 accipere
1158 1322 1191 1382 et

173 1403 203 1466 ei
226 1402 362 1467 solvere.

261 1505 365 1564 Alfeni
395 1507 445 1566 vel
476 1506 563 1566 Pauli
597 1507 693 1566 oratio
727 1525 745 1564 a
773 1505 953 1566 Triboniano
986 1506 1075 1567 solito
1106 1526 1190 1568 more

172 1596 292 1653 mutata
318 1597 378 1654 est:
411 1594 500 1655 hodie
533 1595 659 1673 legitur:
692 1590 788 1654 ‘solvi
819 1598 939 1671 potest
962 1641 991 1656 ..
1014 1596 1090 1655 iuris
1119 1600 1190 1657 est:

172 1683 306 1742 videtur
325 1676 373 1746 ..'.
409 1685 495 1744 uncis
513 1685 630 1744 inclusa
647 1684 741 1744 verba
759 1703 778 1742 a
792 1683 972 1744 Triboniano
991 1685 1096 1744 addita
1110 1689 1190 1746 sunt.

263 1795 291 1858 7.
326 1793 364 1860 D.
385 1795 436 1874 14,
455 1793 588 1878 3,5pr.
610 1797 630 1874 ᾗ
652 1793 680 1858 1.
717 1793 878 1878 Ulpianus
902 1793 987 1859 libro
1010 1794 1190 1861 vicensimo
1274 1857 1275 1880 ,

172 1889 287 1949 octavo
316 1883 357 1947 ad
385 1883 526 1949 edictum
554 1881 602 1968 (P.
627 1880 717 1966 824).
774 1880 972 1966 Cuicumque
1000 1931 1030 1949 ..
1055 1885 1189 1970 negotio
1274 1889 1275 1924 l

171 1973 377 2057 praepositus
407 1973 464 2054 sit,
496 1972 629 2035 institor
657 1973 743 2034 recte
771 1972 998 2055 appellabitur.
1049 1993 1127 2036 nam
1157 1977 1190 2038 et

174 2059 304 2125 Servius
328 2060 412 2124 libro
436 2060 542 2142 primo
567 2059 608 2124 ad
627 2058 766 2123 Brutum
785 2060 840 2143 ait,
864 2061 893 2124 si
912 2061 989 2145 quid
1007 2083 1080 2125 cum
1100 2063 1191 2127 insu·

172 2149 255 2212 lario
279 2151 405 2230 gestum
429 2148 472 2212 sit
494 2149 545 2212 vel
568 2170 607 2213 eo
626 2169 722 2232 quem
740 2148 811 2231 quis
832 2149 978 2214 aedificio
996 2152 1188 2235 praeposuit

173 2237 224 2300 vel
247 2236 412 2300 frumento
436 2236 626 2320 coemendo,
648 2238 683 2300 in
707 2237 847 2301 solidum
870 2259 943 2302 eum
967 2239 1079 2303 teneri.

262 2348 298 2407 of.
323 2345 388 2409 Gai.
407 2350 437 2425 4,
458 2349 513 2406 71:
617 2348 802 2424 comparavit
825 2341 977 2430 (praetor)
1007 2349 1082 2410 duas
1111 2350 1187 2411 alias

171 2437 315 2514 actiones,
334 2437 542 2496 exercitoriam
565 2440 597 2496 et
614 2437 798 2497 institoriam
816 2480 846 2497 ..
865 2437 1018 2497 institoria
1035 2457 1107 2498 vero
1127 2439 1188 2499 for·
1275 2475 1276 2482 .

171 2526 341 2585 mulctum
364 2527 464 2586 locum
486 2525 591 2600 habet,
622 2546 689 2585 cum
717 2526 784 2602 quis
812 2526 955 2585 tabernae
983 2529 1038 2586 aut
1060 2528 1188 2590 cuilibet
1275 2569 1276 2616 3

171 2615 372 2692 negotiationi
385 2615 482 2674 filium
501 2634 660 2677 servamve
679 2621 732 2674 aut
747 2613 913 2691 quemlibet
931 2617 1107 2675 extraneum
1122 2618 1186 2677 sive
1275 2647 1276 2668 r

172 2724 291 2764 servum
310 2705 373 2766 sive
391 2705 519 2764 liberum
533 2704 742 2781 praeposuerit
824 2703 892 2762 ideo
911 2706 1013 2762 autem
1032 2705 1187 2765 institoria

171 2797 310 2871 vocatur,
335 2795 406 2870 quia
429 2793 480 2870 qui
503 2795 648 2852 tabernae
670 2793 881 2869 praeponitur,
903 2793 1026 2852 institor
1048 2795 1184 2870 appella-

171 2884 231 2940 tur.
267 2901 344 2957 quae
368 2885 400 2940 et
422 2882 489 2957 ipsa
511 2883 643 2942 formula
665 2883 698 2940 in
720 2881 851 2940 solidum
874 2886 928 2941 est.

261 2991 290 3055 8.
325 2991 364 3054 D.
390 2990 444 3074 15,
465 2992 498 3074 1,
517 2991 550 3072 9,
570 2991 599 3055 2.
619 2992 648 3056 3.
697 2989 858 3073 Ulpianus
891 2991 975 3056 libro
1008 2992 1185 3059 vicensimo

171 3100 256 3143 nono
281 3079 321 3142 ad
345 3079 484 3143 edietum
508 3075 558 3165 (P.
574 3076 677 3165 852⁰).
711 3078 875 3143 Peculium
895 3129 919 3144 ..
939 3080 1074 3147 deducto
1099 3084 1185 3166 quod

171 3168 301 3253 <patri>
325 3167 541 3252 domin0<ve>
564 3168 699 3232 debetur
722 3169 974 3253 computandum
1000 3191 1084 3252 esse,
1108 3173 1185 3255 quia

170 3257 375 3343 praevenisse
402 3255 538 3340 (pater)
562 3256 793 3341 dominus<ve>
820 3261 852 3322 et
881 3279 954 3322 cum
982 3256 1095 3343 <filio>
1120 3282 1185 3325 ser·

171 3346 294 3500 {titt
317 3345 1184 3521 §tstlll?‘littatttlltlttlle

170 3527 284 3587 estate.
