2614 3914
27 303 29 368 l

469 225 494 274 2.
519 219 635 275 Annus
655 219 793 275 OPILIUS
1069 221 1133 285 357
1241 255 1248 272 .

27 379 28 382 '
134 381 217 466 Seio,
239 383 290 448 oui
308 382 435 448 debitor
454 383 672 466 mandaverat,
694 387 730 448 ut
748 405 866 448 nomen
884 379 1014 465 emeret,
1037 384 1137 468 deque

131 493 168 536 ea
191 493 226 535 re
250 476 376 557 emptor
399 471 573 556 stipulatus
598 477 659 553 est,
687 470 802 536 deinde
824 472 964 536 creditor
987 493 1058 536 eam
1081 495 1137 554 pe-

131 561 260 626 cuniam
281 561 409 642 retinet,
432 582 528 645 quam
552 582 609 644 per
626 561 763 625 iudicem
782 559 926 644 abstulit,
950 582 991 624 an
1010 568 1137 644 emptor

131 670 168 714 ex
206 649 363 732 stipulatu
399 649 504 731 possit
542 648 699 732 experiri?
748 654 782 714 et
816 647 929 714 Ofilius
964 652 1073 733 putat,
1109 650 1138 714 si

131 737 279 803 venditor
307 737 447 802 nominis
477 744 610 822 paratus
640 760 705 803 non
734 738 777 802 sit
804 737 950 820 reddere,
981 743 1137 822 quantum

25 855 26 914 3
130 827 182 978 abl
208 829 352 911 emptore
389 827 562 911 acceperit,
598 848 664 891 non
699 827 880 892 nocituram
915 827 1135 911 exceptionem

25 939 26 942 ยน
130 916 195 980 doi
228 915 314 980 mali.

306 1089 411 1149 Loculi
433 1091 563 1150 condocti
586 1087 640 1162 (od
663 1091 750 1165 lencm
772 1085 960 1170 Rhodiam).

221 1208 271 1272 14.
295 1207 334 1274 D.
351 1209 402 1291 14,
417 1209 446 1290 2,
460 1210 491 1294 2,
505 1209 535 1274 3.
566 1207 656 1273 Idem
674 1206 824 1296 (Paulus)
842 1209 926 1273 libro
946 1208 1136 1294 trigensimo

132 1300 247 1380 quarto
272 1296 312 1361 ed
336 1297 475 1362 edictum
500 1296 549 1382 (P.
567 1293 656 1384 521).
704 1296 739 1362 si
761 1297 852 1362 navis
880 1319 900 1362 a
922 1295 1038 1382 piratis
1067 1297 1137 1361 red-

131 1389 241 1468 empta
282 1386 338 1470 sit,
380 1383 509 1451 Servius
547 1384 660 1450 Ofilius
696 1385 806 1452 Labeo
843 1408 955 1451 omnes
992 1385 1137 1451 conferre

130 1474 247 1540 debere
277 1474 383 1560 aiunt3
411 1475 496 1559 quod
522 1496 597 1540 vero
625 1474 805 1560 praedones
833 1475 1038 1560 abstulerint,
1065 1497 1138 1539 eum

129 1563 263 1647 perdere
291 1563 380 1628 cuius
408 1563 541 1642 fuerint,
571 1585 630 1629 nec
658 1563 884 1628 conferendum
914 1564 956 1648 ei,
984 1565 1040 1649 qui
1063 1586 1137 1628 suas

126 1673 253 1716 merces
276 1652 457 1718 redemerit.

461 1825 513 1887 Ad
535 1828 622 1902 lepem
644 1825 806 1900 Aquiliam.

221 1944 272 2010 15.
299 1944 340 2011 D.
360 1945 396 2028 9,
413 1947 448 2028 2,
467 1946 502 2028 9,
520 1947 550 2012 3.
587 1944 747 2030 Ulpianus
769 1945 853 2010 libro
877 1948 991 2011 octavo
1016 1943 1138 2010 decimo

131 2033 171 2098 ed
199 2033 339 2100 edietum
368 2031 418 2122 (P.
437 2033 540 2122 614b).
587 2034 621 2100 si
649 2057 777 2100 servum
803 2055 910 2099 meum
939 2033 1138 2119 equitantem

130 2124 293 2188 concitato
321 2145 403 2208 equo
432 2124 573 2189 effeceris
602 2125 637 2189 in
663 2124 781 2188 flumen
811 2121 1015 2207 praecipitari
1043 2126 1138 2206 atque

129 2212 203 2277 ideo
226 2212 324 2277 homo
347 2213 494 2297 perierit,
518 2211 698 2279 infactum
722 2233 792 2278 osse
815 2212 953 2278 dandam
976 2211 1138 2277 actionem

130 2298 246 2365 Ofilius
271 2301 395 2384 scribit,
420 2302 688 2386 quemadmodum
712 2302 741 2366 si
764 2324 873 2367 servus
894 2323 985 2366 meus
1009 2301 1050 2366 ab
1074 2301 1138 2365 elio

129 2389 163 2454 in
186 2388 321 2454 insidias
344 2390 511 2474 deductus,
536 2391 576 2454 ab
600 2391 665 2455 alio
689 2395 774 2456 esset
797 2390 931 2456 occisus.

536 2573 584 2632 De
606 2574 731 2632 iniuriis.

221 2690 272 2756 16.
295 2689 499 2774 1).47,10,5,
512 2694 538 2754 l.
566 2690 724 2776 Ulpianus
743 2692 828 2756 libro
848 2690 1138 2775 quinquagensimo

131 2782 223 2844 sexto
256 2779 296 2843 ad
328 2779 468 2844 edictum
501 2777 551 2864 (P.
571 2777 682 2866 1337).
736 2778 825 2844 Inter
855 2779 1071 2865 pulsationem
1107 2783 1140 2843 et

132 2868 390 2933 verberationem
403 2868 466 2934 hoc
479 2869 624 2954 interest,
642 2872 680 2933 ut
694 2867 810 2934 Ofilius
825 2869 950 2935 scribit:
971 2868 1139 2934 verberare

130 2960 182 3021 est
206 2978 279 3022 cum
303 2956 412 3021 dolore
435 2957 578 3036 caedere,
602 2957 731 3042 pulsare
755 2959 823 3024 sine
847 2958 966 3024 dolore.

221 3063 272 3127 17.
295 3061 332 3127 D.
348 3065 400 3144 47,
416 3063 467 3148 10,
481 3064 533 3129 23.
561 3062 682 3129 Paulus
700 3064 785 3131 libro
805 3068 920 3150 quarto
940 3064 980 3129 ad
1000 3063 1139 3128 edietum

130 3149 180 3236 (P.
201 3148 288 3238 130).
335 3151 395 3228 Qui
422 3152 457 3216 in
484 3153 616 3217 domum
644 3154 784 3218 alienam
812 3153 914 3219 invito
938 3153 1067 3217 domino
1090 3155 1139 3215 in-

128 3240 254 3322 troiret,
277 3241 423 3325 quamvis
446 3240 481 3305 in
504 3241 554 3306 ins
577 3247 681 3326 vocat,
705 3243 865 3308 actionem
888 3242 1079 3306 iniuriarum
1105 3240 1139 3302 in

129 3349 202 3392 eum
222 3334 403 3413 competere
427 3327 541 3394 Ofilius
565 3330 620 3394 ait.
