2614 3914
415 203 807 270 connumerasse
956 251 959 258 .
1021 185 1024 190 ’
1049 206 1116 270 361

192 373 377 434 iudiciorum
395 374 584 450 privatorum
603 373 707 433 ordine
726 373 845 434 sublato
865 373 956 433 etiam
974 374 1044 434 libri
1063 377 1115 452 qui

107 463 210 524 iudicis
235 462 368 523 officium
391 463 574 538 necabant,
598 463 630 554 in
651 481 710 522 usu
733 480 797 522 esse
822 462 982 522 desierunt.

294 657 350 717 III.
382 658 432 717 De
455 657 582 717 officio
607 657 792 717 senatorio
815 657 923 717 libri?

194 781 362 842 Tuberonis
386 783 555 861 fragmenta
578 782 725 858 quaedam
743 781 814 841 talis
833 782 1002 859 argumenti
1020 783 1114 845 libros

106 869 167 930 eius
192 871 285 930 luisse
304 871 413 931 indicio
438 879 516 930 sunt.
554 871 668 931 aceedit
691 869 770 948 quod
793 869 901 930 Ateius
924 869 1040 949 Capito,
1062 873 1115 949 qui

106 959 273 1020 Tuberonis
288 959 467 1020 sententiam
480 959 578 1026 refert,
587 951 630 1040 (r.
640 952 743 1040 infre),
757 961 834 1019 hanc
848 959 1114 1021 Coniectaneorum

14 1065 15 1120 1
104 1047 179 1106 libro
208 1048 244 1107 de
274 1048 372 1108 officio
397 1049 560 1125 senatorio,
587 1052 623 1108 ut
645 1049 778 1126 videtur,
806 1049 949 1124 inscripto
976 1052 1113 1126 protulit.

14 1151 15 1220 ζ
104 1137 140 1194 cf.
157 1137 320 1196 Iustiniani
342 1137 537 1216 Digestorum
559 1137 683 1196 titulum
707 1131 755 1196 ‘de
779 1133 979 1198 senatoribus'
1004 1133 1048 1217 (1,
1069 1131 1113 1221 9).

104 1224 177 1283 iuris
201 1244 273 1286 vero
295 1226 410 1302 publici
433 1226 526 1285 libros
545 1226 734 1286 Tuberonem
754 1227 912 1304 reliquisse
932 1227 1113 1304 Pomponius

14 1323 15 1328 ’
103 1312 121 1388 ἓ
139 1315 182 1374 46
207 1314 342 1374 tradidit.

193 1425 221 1488 1.
249 1422 331 1490 Call.
351 1426 402 1510 14,
421 1425 451 1508 7,
471 1425 521 1490 13.
554 1473 607 1492 ...
631 1424 716 1510 quod
736 1424 784 1488 ait
801 1423 947 1510 (Varro),
968 1433 1112 1492 senatus·

103 1512 286 1577 consultum
314 1513 438 1579 duobus
466 1513 570 1578 modis
598 1514 668 1578 fieri
691 1513 807 1578 solere:
836 1516 893 1578 aut
921 1516 1113 1600 conquisitis

102 1601 273 1666 sententiis
297 1606 354 1668 eut
371 1624 429 1686 per
448 1603 685 1682 discessionem,
703 1623 819 1684 parum
838 1603 1007 1668 convenire
1027 1605 1113 1670 ride·

101 1696 155 1754 tur
183 1710 257 1754 cum
285 1712 322 1756 eo
347 1691 432 1775 quod
454 1691 568 1756 Ateius
593 1689 710 1775 Capito
734 1691 768 1754 in
792 1690 1016 1757 Coniectaneis
1039 1694 1113 1757 reli-

102 1779 180 1862 quit.
226 1800 302 1844 nam
326 1780 359 1844 in
382 1780 466 1844 libro
488 1778 587 1844 VHH
610 1779 813 1844 Tuberonem
837 1780 941 1844 dicere
964 1781 1113 1860 11111111-

102 1867 171 1932 lum
186 1869 503 1934 senatusconsultum
517 1867 588 1935 fieri
605 1889 702 1952 posse
720 1889 786 1932 non
806 1868 1002 1934 discessione
1016 1871 1112 1953 facta,

101 1956 177 2040 quia
200 1956 235 2020 in
259 1957 410 2022 omnibus
434 1957 739 2040 senatusconsultis,
767 1957 865 2022 etiam
888 1958 921 2022 in
945 1958 1001 2040 iis,
1029 1981 1112 2044 quae

101 2067 159 2129 per
181 2045 371 2110 relationem
393 2046 522 2127 fierent,
546 2045 699 2112 discessio
723 2056 810 2111 esset
831 2047 1022 2112 necessaria.

191 2135 221 2198 2.
250 2131 511 2218 (1111.14,8,’2.
560 2134 602 2200 M.
627 2133 789 2200 ..Varro
813 2184 843 2200 ..
867 2139 899 2199 et
917 2136 1032 2201 Ateius
1052 2135 1111 2203 Ca·

100 2221 170 2306 pito
194 2223 229 2286 in
248 2220 538 2288 Coniectaneorum
558 2223 657 2288 VIIII
679 2221 730 2288 ius
754 2245 823 2288 esse
842 2223 1003 2308 praefecto
1023 2221 1112 2312 (urbi

100 2311 256 2376 feriarum
283 2311 472 2378 Latinarum
505 2334 603 2377 eausa
634 2310 762 2398 relicto)
794 2316 941 2378 senatum
972 2315 1112 2379 habendi

102 2399 227 2483 dicunt,
256 2400 358 2484 deque
385 2421 423 2465 ee
448 2423 482 2466 re
506 2400 676 2466 adsensum
699 2422 768 2466 esse
792 2399 907 2486 Capito
936 2403 1111 2468 Varronem

102 2487 268 2553 Tuberoni
291 2493 403 2555 contra
426 2489 616 2554 sententiam
639 2488 724 2553 Iunii
747 2489 854 2554 refert

248 2689 300 2750 IV.
328 2689 438 2749 Plane
461 2689 596 2749 incerti
618 2688 825 2766 argumenti
849 2707 963 2764 opera.

190 2813 386 2891 Reliquorum
410 2808 495 2874 ‘iuris
518 2813 632 2892 publici
656 2815 687 2871 11
708 2805 832 2888 privati’
854 2813 1000 2872 librorum
1021 2833 1110 2892 argu·
1165 2801 1168 2810 ’

101 2905 204 2960 menta
225 2921 262 2960 ne
286 2903 464 2962 coniecturis
488 2903 607 2980 quidem
632 2901 751 2978 assequi
773 2920 940 2979 possumus.
982 2901 1110 2964 fortasse

100 2991 177 3050 liber
205 2990 243 3048 ad
271 2989 301 3050 C.
326 2989 458 3068 Oppium
489 2992 619 3068 scriptus
650 2984 740 3071 (Call.
761 2995 847 3069 6,9,
869 2984 922 3072 11)
956 2991 1012 3052 hoe
1043 2993 1110 3054 loco

100 3079 300 3138 nominandus
316 3083 373 3156 est3
388 3081 535 3140 incertum
549 3080 628 3140 enim
640 3081 831 3158 relinquitur,
845 3085 946 3140 utrum
961 3080 994 3151 Q.
1004 3080 1109 3140 Aelius

101 3187 139 3226 an
163 3167 241 3227 alius
265 3168 384 3228 Tubero
408 3188 476 3228 eum
500 3169 661 3246 scripserit.

189 3275 272 3342 Gall.
297 3279 383 3362 1,9,
406 3281 455 3345 11.
498 3281 625 3344 Aelium
652 3327 688 3345 ..
716 3278 918 3344 Tuberonem
953 3278 1036 3342 libro
1069 3278 1109 3342 ad

100 3364 134 3432 C.
153 3366 294 3448 Oppium
317 3369 437 3452 scripto
461 3366 696 3433 ‘occeourrerit'
711 3368 885 3452 'scripsisse
904 3365 1030 3431 Probus
1054 3367 1112 3431 ad-·

98 3457 229 3521 notavit
251 3455 385 3520 ethaeo
408 3457 477 3521 eius
499 3457 597 3520 rerba
620 3457 785 3540 apposuit:
814 3455 851 3521 Si
869 3455 1022 3540 pecoralis
1044 3475 1109 3538 spe-

97 3547 157 3610 cies
180 3547 382 3610 occceurrcrit.
