2602 3912
406 185 447 236 10.
470 179 502 235 P.
521 177 657 235 Muclus
675 176 864 234 sclavum
1096 178 1139 243 33

123 344 258 429 dixerit,
287 366 352 430 quo
381 343 514 430 parietis
540 343 719 409 communis
742 340 873 426 tegendi
897 362 992 406 causa
1015 346 1137 409 tectum

121 433 339 519 proiceretur,
367 454 406 498 ex
433 454 496 516 quo
524 433 558 499 in
584 435 706 496 tectum
732 430 800 494 eius
824 429 925 513 aedis,
951 431 1007 515 qui
1029 434 1137 516 prote-

12 553 13 558 *
122 522 242 601 nisset,
268 543 352 607 aqua
374 521 562 608 proflueret,
585 520 618 584 id
639 518 702 584 tibi
724 519 773 583 ius
796 518 907 583 videri.

215 611 245 676 3.
272 611 366 676 Auct.
386 611 424 675 ad
444 609 582 675 Herenn.
602 608 764 692 2,13,19.
787 642 823 656 -
845 605 880 673 (l.
899 605 1026 673 (laelius
1044 608 1137 674 iudex

123 699 268 764 absolvit
288 700 478 764 iniuriarum
497 720 579 783 cum,
598 697 653 781 qui
668 696 828 761 Lucilium
842 699 971 780 poetam
989 696 1025 760 in
1041 718 1137 763 scena

11 781 12 862 1
121 787 322 854 nominatim
349 789 500 871 laeserat,
528 787 563 852 P.
587 785 713 851 Mucius
741 806 829 868 eum,
857 784 912 869 qui
940 783 975 850 L.
1002 782 1136 852 Accium

123 880 259 962 poetam
279 877 517 960 nominaverat,
544 875 776 942 condemnavit.

215 966 247 1030 4.
271 964 354 1032 Gell.
370 967 420 1049 17,
436 965 500 1048 1,3
518 1014 526 1030 .
541 1013 571 1030 ..
595 1001 637 1011 -
660 962 695 1039 Q.
715 959 870 1028 Scaevola
892 968 1019 1047 patrem
1042 985 1136 1029 suum

11 1069 12 1142 ξ
123 1058 160 1119 81
181 1051 320 1119 Brutum
349 1058 382 1120 et
404 1053 575 1120 Manilium
597 1101 605 1118 .
626 1103 659 1117 ..
688 1050 853 1136 quaesisse
883 1053 930 1116 811
957 1051 1136 1118 dubitasse·

11 1157 13 1194 l
123 1164 201 1228 que,
229 1146 380 1208 utrumne
409 1142 442 1208 in
470 1147 546 1227 post
572 1141 660 1207 facta
686 1140 782 1207 modo
810 1140 897 1205 furta
919 1140 972 1204 lex
994 1137 1135 1228 (Atinia)

121 1233 247 1334 valeret
274 1253 317 1296 en
345 1231 442 1296 etiam
469 1233 505 1295 in
532 1229 731 1333 antefacta,
754 1229 906 1313 quoniam
929 1229 1135 1315 ‘subruptum

11 1345 13 1402 ᾗ
121 1318 201 1474 ppt}
221 1324 545 1473 utrumqueftetmpus
569 1319 730 1384 uderetur
754 1318 931 1400 ostendere,
953 1321 1024 1384 tam
1046 1341 1135 1404 prae-

11 1443 13 1502 ,
158 1432 185 1474 r1
201 1431 258 1474 um
281 1431 379 1494 quam
417 1431 557 1474 uurum.

214 1497 245 1564 5.
265 1495 377 1563 Cicero
392 1497 691 1582 ἀ8118.1,4,12.-
709 1517 760 1580 88,
774 1499 887 1578 partus
902 1495 1037 1561 ancillae
1051 1497 1135 1562 sitne

11 1615 12 1624 ¹
122 1587 159 1650 in
176 1587 286 1652 fructu
304 1586 480 1670 habendus,
503 1586 678 1652 disseretur
699 1585 786 1649 inter
805 1583 965 1670 principes
984 1585 1136 1668 civitatis,

122 1674 161 1741 P.
182 1673 376 1741 Scaevolam
398 1673 606 1759 Maniumque
629 1671 801 1738 Manilium

10 1824 11 1830 ,
213 1765 244 1830 6.
267 1761 380 1828 Cicero
404 1785 463 1849 pro
486 1763 581 1828 domo
604 1762 657 1842 53,
673 1762 745 1827 131.
765 1799 807 1810 ·-
826 1759 861 1826 P.
881 1757 1034 1826 Scaevola
1055 1783 1135 1845 pon·

10 1897 11 1926 .
121 1853 204 1918 tifex
231 1853 392 1918 maximus
419 1875 479 1939 pro
508 1852 646 1940 collegio
674 1851 856 1936 respondit:
889 1849 974 1934 quod
1002 1851 1036 1914 in
1064 1851 1134 1916 loco

10 1951 11 1998 ἓ
122 1941 254 2026 publico
283 1941 420 2024 Licinia,
453 1939 514 2006 Gai
542 1941 624 2019 filia,
656 1940 780 2005 iniussu
808 1939 919 2025 populi
947 1937 1135 2023 dedicasset,

10 2055 11 2126 ss
123 2052 253 2096 sacrum
276 2052 342 2095 non
364 2031 510 2095 viderier.

212 2121 242 2185 7.
272 2117 383 2184 Oicero
406 2119 445 2183 de
468 2119 529 2205 leg.
553 2119 588 2203 2,
608 2117 730 2203 22,11.
758 2155 795 2164 -
897 2118 1006 2201 itaque
1028 2117 1063 2182 18
1086 2138 1134 2202 eo,

123 2209 179 2292 qui
207 2209 243 2272 in
270 2211 519 2290 88888888188,
546 2207 661 2272 deinde
683 2207 718 2270 in
741 2229 830 2271 mare
851 2207 1014 2292 proiectus
1039 2211 1133 2290 esset,

10 2295 12 2322 ¹
122 2297 267 2362 decrevit
292 2295 327 2363 P.
350 2295 476 2362 Mucius
507 2295 665 2360 familiam
694 2317 824 2380 puram,
855 2295 941 2380 quod
969 2317 1006 2360 os
1034 2318 1132 2380 supra

121 2389 245 2450 terram
270 2407 337 2450 non
359 2388 515 2471 exstaret3
542 2405 674 2469 porcam
696 2384 806 2448 heredi
829 2405 900 2449 esse
923 2388 1133 2468 contractam,

10 2461 11 2534 1
123 2478 158 2538 81
179 2474 346 2539 18188188
369 2473 513 2539 triduum
531 2473 637 2556 ferias,
660 2476 694 2536 et
712 2494 810 2556 porco
830 2472 951 2538 femina
969 2474 1133 2557 piaculum

122 2564 205 2647 peti,
233 2563 262 2628 si
285 2563 319 2627 in
342 2563 425 2628 mari
447 2567 594 2628 mortuus
618 2566 717 2644 esset,
740 2561 853 2626 eadem
876 2564 1004 2645 praeter
1025 2563 1133 2646 piacu-

10 2677 12 2724 ,
123 2652 192 2715 lum
215 2655 250 2716 et
271 2651 381 2716 ferias.

10 2783 11 2792 ÷
213 2742 262 2806 8⁸.
286 2738 398 2806 (licere
417 2739 456 2804 de
474 2740 535 2825 leg.
550 2741 580 2824 2,
594 2741 646 2823 21,
661 2737 712 2803 52.
727 2737 779 2802 53.
797 2773 834 2783 -
851 2737 974 2822 placuit
991 2735 1025 2801 P.
1041 2735 1132 2803 Sece-

10 2903 11 2906 ,
123 2828 215 2894 88188
235 2833 269 2893 81
287 2828 335 2894 Ti.
354 2826 565 2912 Coruncanio,
588 2827 794 2912 pontificibus
814 2826 971 2909 maximis,
989 2827 1130 2912 itemque

122 2918 255 3001 ceteris,
277 2938 342 2998 eos,
365 2918 420 3002 qui
442 2917 631 2983 tantundem
655 2918 815 3000 caperent,
840 2919 997 3000 quantum
1020 2937 1131 2982 omnes

122 3006 267 3085 heredes,
293 3005 392 3071 saeris
416 3006 552 3091 alligari.
596 3005 701 3070 habeo
724 3004 775 3069 ius
798 3003 1007 3088 pontificium.
1055 3006 1132 3092 quid

121 3095 187 3160 huc
205 3095 343 3161 accessit
361 3116 400 3160 ex
418 3095 486 3160 iure
505 3093 615 3159 civili?
656 3093 840 3177 partitionis
860 3097 957 3179 caput
976 3095 1131 3178 scriptum

121 3187 231 3268 caute,
263 3187 300 3248 81
331 3187 459 3248 centum
491 3183 615 3248 nummi
647 3182 891 3248 deducerentur:
924 3183 1053 3248 inventa
1083 3187 1132 3248 est

122 3274 217 3357 ratio,
241 3294 297 3338 cur
314 3272 451 3356 pecunia
469 3292 634 3338 sacrorum
651 3271 803 3336 molestie
822 3270 1021 3336 liberaretur.
1055 3293 1129 3355 qua·
1221 3330 1223 3333 ,

123 3360 153 3426 81
183 3361 246 3427 188
280 3362 334 3446 qui
365 3363 597 3426 testamentum
629 3359 785 3438 faciebat,
821 3380 933 3424 cavere
964 3360 1131 3441 noluisset,

122 3449 276 3516 admonet
298 3450 553 3532 iurisconsultus,
575 3449 627 3514 hic
651 3447 780 3534 quidem
803 3447 872 3532 ipse
895 3447 1030 3529 Mucius,
1053 3467 1130 3529 pon-

120 3537 204 3604 tifex
226 3538 325 3622 idem,
352 3542 390 3603 ut
412 3539 517 3603 minus
541 3539 648 3622 capiat
670 3557 766 3622 quam
790 3535 938 3600 omnibus
961 3533 1131 3598 heredibus

177 3653 273 3701 Iurirpr.
288 3651 406 3693 antehadr.
420 3652 470 3694 rell.
484 3651 519 3693 ed
533 3652 632 3694 Bremer.
904 3641 919 3688 3
