2600 3908
172 155 234 219 126
271 155 317 212 VI.
341 156 475 213 OCTAVI
494 157 707 214 sanaretis
727 157 902 214 CONSULT.
923 159 1048 216 SERIES
1067 162 1185 217 PRIMA

169 324 276 384 ratum
300 342 364 384 non
387 320 494 404 fuisse,
518 343 598 404 opus
623 323 720 386 etiam
740 323 922 388 censorium
940 323 1055 388 fecisse
1075 326 1185 390 existi—

169 414 284 494 matos,
306 431 364 492 per
388 432 469 494 quos
494 432 531 475 eo
555 414 701 494 tempore
724 413 1039 478 senatusconsultum
1058 413 1184 479 factum

168 501 262 562 esset.

256 587 337 651 lbid.
356 588 385 651 9.
407 590 457 652 10.
487 625 527 634 -
558 587 660 652 Docet
682 588 796 653 deinde
818 590 900 654 inibi
918 591 1034 672 multa,
1063 591 1184 675 quibus

168 675 280 740 diebus
317 677 436 741 habere
473 681 621 742 senatum
657 677 706 742 ius
747 700 812 742 non
849 679 906 762 sit,
947 680 1184 766 immolareque

167 763 310 830 hostiam
320 766 409 849 prius
420 767 643 850 auspicarique
653 765 777 848 debere,
787 768 842 850 qui
853 771 998 832 senatum
1009 768 1184 834 habiturus

168 861 265 937 esset,
298 855 337 919 de
369 855 527 938 rebusque
559 854 677 919 divinis
709 856 797 938 prius
831 877 927 940 quam
958 857 1110 923 humanis
1139 858 1183 922 ad

167 947 313 1008 senatum
341 942 542 1007 referendum
571 965 653 1028 esse,
680 947 750 1008 tum
773 967 868 1026 porro
892 946 1005 1010 referri
1029 950 1182 1031 oportere

168 1036 224 1096 aut
246 1031 372 1096 infinite
397 1033 435 1095 de
457 1033 630 1116 republica,
654 1039 710 1097 aut
733 1033 771 1097 de
795 1035 932 1120 singulis
956 1036 1052 1100 rebus
1071 1035 1181 1122 finite3

168 1124 362 1206 senatusque
399 1121 580 1186 consultum
616 1122 686 1186 fieri
718 1122 843 1187 duobus
876 1123 994 1189 modis:
1032 1127 1088 1188 aut
1119 1147 1181 1208 per

167 1209 405 1291 discessionem,
428 1210 455 1274 si
479 1211 723 1295 consentiretur,
747 1217 811 1295 aut,
835 1213 863 1276 si
886 1234 936 1278 res
960 1212 1058 1276 dubia
1084 1218 1181 1299 esset,

166 1320 225 1380 per
252 1298 454 1383 singulorum
483 1299 658 1364 sententias
682 1301 872 1385 exquisitas3
901 1302 1046 1386 singulos
1070 1305 1180 1366 autem

166 1387 282 1452 debere
311 1387 436 1453 consuli
463 1387 623 1474 gradatim
651 1389 810 1474 incipique
839 1413 858 1454 a
880 1391 1043 1456 consulari
1065 1391 1178 1476 gradu.

166 1497 205 1540 ex
238 1497 300 1560 quo
333 1476 436 1561 gradu
468 1498 593 1561 semper
620 1479 749 1562 quidem
777 1482 874 1543 antea
900 1479 1041 1563 primum
1068 1481 1180 1565 rogari

166 1565 310 1646 solitum,
344 1571 397 1650 qui
427 1568 576 1650 princeps
603 1568 638 1630 in
666 1570 814 1632 senatum
841 1568 943 1633 lectus
972 1572 1071 1652 esset,
1106 1575 1178 1632 tum
1293 1609 1295 1638 J

166 1657 288 1738 autem,
311 1676 383 1718 cum
407 1655 485 1720 haec
509 1656 676 1740 scriberet,
699 1678 819 1720 novum
843 1678 966 1722 morem
989 1657 1176 1722 institutum

164 1742 264 1808 refert
285 1765 343 1828 per
367 1744 577 1810 ambitionem
601 1745 813 1830 gratiamque,
836 1749 873 1809 ut
890 1745 918 1810 is
937 1746 1060 1829 primus
1079 1767 1176 1832 roga-

163 1836 265 1917 retur,
288 1855 383 1916 quem
406 1854 521 1918 rogare
544 1833 657 1916 vellet,
679 1833 734 1916 qui
756 1833 891 1898 haberet
915 1839 1076 1918 senatum,
1100 1835 1176 1899 dum

163 1921 191 1985 is
219 1925 329 1986 tamen
357 1944 395 1986 ex
424 1921 525 2006 gradu
553 1923 713 1986 consulari
742 1925 834 1986 esset.
880 1927 1008 2008 praeter
1033 1924 1114 1988 haec
1137 1925 1176 1989 de

163 2011 299 2094 pignore
323 2031 450 2094 quoque
474 2010 629 2094 capiendo
651 2011 780 2075 disserit
798 2011 900 2096 deque
919 2012 1021 2076 multa
1040 2012 1177 2077 dicenda

164 2100 319 2180 senatori,
355 2099 410 2182 qui
444 2120 515 2162 eum
546 2105 579 2162 in
612 2103 760 2164 senatum
792 2101 901 2165 venire
934 2101 1078 2186 deberet,
1109 2123 1176 2166 non

165 2187 299 2252 adesset.

251 2289 326 2370 ibid.
348 2293 398 2349 11.
420 2321 457 2330 -
479 2290 561 2350 Haeo
580 2293 611 2349 et
629 2291 690 2350 alia
708 2293 857 2368 quaedam
875 2292 906 2350 id
924 2311 1020 2370 genus
1039 2293 1070 2350 in
1088 2293 1176 2372 libro,

163 2397 221 2454 quo
249 2397 340 2454 supra
368 2379 441 2455 dixi,
469 2379 508 2438 M.
532 2379 629 2440 Varro
653 2381 786 2456 epistula
809 2382 847 2440 ad
870 2379 1040 2458 Oppianum
1064 2381 1178 2458 scripta

163 2471 320 2527 exsecutus
344 2471 397 2528 est.

402 2610 437 2670 V.
461 2611 510 2670 De
534 2612 612 2671 iure
636 2613 741 2674 ciuili
763 2611 850 2672 libri
874 2613 937 2671 XV.

250 2727 386 2786 Titulum
423 2728 522 2803 operis
558 2728 714 2806 catalogus
750 2728 927 2804 Hieronymi
963 2729 1097 2804 exhibet3
1137 2729 1175 2788 cf.

160 2816 277 2874 Ritschl
304 2816 351 2874 die
376 2815 624 2876 Schriftstellerei
647 2818 698 2877 des
721 2816 832 2876 Varro:
862 2817 967 2876 Rhein.
987 2816 1064 2876 Mus.
1083 2817 1120 2876 N.
1141 2818 1175 2877 F.

160 2904 213 2980 VI,
228 2906 305 2980 4853
325 2922 424 2979 opusc.
438 2905 493 2982 ΠΙ,
507 2907 581 2964 444.
611 2907 703 2965 ceteri
722 2909 859 2964 auctores
877 2906 953 2964 nihil
971 2905 1007 2965 de
1025 2906 1073 2965 his
1086 2906 1174 2966 libris

159 2994 303 3052 referunt.
340 2993 376 3052 cf.
391 2991 481 3052 Senio
495 2994 684 3053 'varroniana
703 2986 819 3076 (1867)
839 3015 867 3070 p.
883 2997 956 3054 209.
993 2995 1073 3070 quod
1091 2994 1172 3054 idem

158 3082 206 3143 vir
224 3081 329 3142 doctus
349 3102 377 3157 p.
394 3083 456 3140 134
476 3083 532 3142 ait:
556 3083 610 3156 „Iu
628 3083 740 3142 diesem
750 3083 842 3141 Werlr
862 3127 913 3143 ...
932 3085 1011 3143 mals
1031 3076 1103 3165 (wie
1122 3085 1173 3143 bei

160 3170 262 3230 Cicero
286 3171 322 3230 de
345 3170 410 3228 iure
435 3171 517 3233 civili
535 3216 541 3230 .
558 3163 579 3251 .)
603 3173 742 3230 manches
766 3171 1079 3232 Litterarhistorische
1106 3192 1173 3232 vor·

157 3261 335 3338 gelrommen
356 3259 429 3340 sein,
450 3260 680 3337 hauptstchlioh
700 3261 771 3320 aber
790 3261 905 3320 scheint
922 3281 954 3321 es
973 3263 1030 3321 den
1049 3263 1165 3321 tlteren

158 3349 398 3428 gleiohnamigen
422 3349 570 3410 Schriften
598 3351 769 3428 gegendber
792 3351 857 3409 eine
881 3352 1059 3429 allgemeine
1078 3353 1176 3428 juris-

157 3441 252 3502 tischa
281 3439 485 3515 Proptdeutilr
593 3440 743 3499 bezweclrt
772 3460 808 3498 zu
834 3437 965 3518 haben“,
997 3442 1028 3499 in
1056 3442 1171 3502 incerto

35 3601 59 3607 μ
157 3529 350 3606 relinquitnr3
375 3530 454 3605 quod
477 3549 548 3590 vero
571 3551 599 3606 p.
621 3532 683 3588 212
709 3529 802 3606 addit,
825 3531 910 3606 „dass
934 3549 967 3588 er
988 3522 1116 3612 (Varro)
1140 3531 1172 3590 in
