2600 3908
317 219 341 266 7.
365 211 397 277 Q.
416 211 551 268 Mucios
570 214 600 266 Ρ.
615 213 644 266 F.
659 213 688 270 P.
703 212 737 269 N.
753 212 943 268 SCAEVOLA
1093 213 1135 276 75

216 377 263 440 7⁸.
301 374 423 439 Gellius
442 376 472 456 4,
494 377 521 458 l,
540 377 592 440 22.
638 375 742 460 Ligna
766 397 891 460 quoque
914 380 948 440 et
970 377 1079 461 virgas
1104 380 1136 440 et

123 466 281 530 carbones
318 465 435 547 quibus
472 464 682 528 conficeretur
713 486 830 549 penus,
867 464 1057 549 quibusdam
1091 466 1137 529 ait

124 554 303 641 (Masurius
336 551 476 617 Sabinus
513 555 547 616 in
584 553 664 617 iuris
699 553 802 617 civilis
835 550 1003 639 secundo),
1034 553 1136 618 videri

11 657 12 662 ’
124 663 195 708 esse
218 643 253 706 in
274 663 368 726 penu.

217 728 264 794 ll.
288 729 327 794 D.
342 729 394 812 33,
409 730 438 813 9,
453 731 483 812 3,
497 731 527 796 9.
555 729 714 814 Ulpianus
729 729 814 794 libro
829 731 981 795 vicesimo
997 731 1135 796 secundo

126 821 166 884 ad
191 817 346 884 Sabinum
370 817 420 905 (P.
440 815 551 904 2641).
599 818 703 904 Ligna
730 824 763 882 et
786 819 942 883 carbones
966 824 1134 904 ceteraque

124 907 184 993 per
212 929 293 991 quae
321 929 422 992 penus
446 907 670 986 conficeretur,
699 929 741 971 an
763 907 876 990 penori
899 907 1009 990 legato
1034 910 1134 972 conti·

125 1001 274 1080 neantur,
293 997 467 1080 quaeritur.
500 1000 533 1060 et
552 996 692 1073 Quintus
712 995 838 1061 Mucius
857 999 890 1060 et
907 995 1021 1063 Ofilius
1039 1019 1136 1082 nega·

125 1089 257 1151 verunt:
280 1107 345 1150 non
364 1085 477 1169 magis,
496 1108 594 1170 quam
614 1085 727 1166 molae,
744 1085 902 1170 inquiunt,
921 1088 1136 1152 continentur.

215 1175 263 1240 8⁸.
296 1172 374 1238 Gell.
397 1175 555 1260 4,1,20.
605 1173 655 1238 De
687 1195 773 1256 penu
801 1174 1046 1240 adscribendum
1074 1175 1135 1241 hoc

126 1265 224 1328 etiarn
243 1263 365 1348 putavi.
405 1261 551 1328 Servium
571 1259 751 1346 Sulpicium
769 1263 804 1326 in
822 1263 1025 1346 reprehensis
1044 1261 1137 1330 Scae-

125 1353 217 1416 volae
246 1351 406 1435 capitibus
434 1351 616 1435 scripsisse,
645 1349 727 1416 Cato
752 1351 846 1416 Aelio
869 1352 1043 1438 placuisse,
1070 1375 1136 1418 non

125 1463 207 1525 quae
235 1441 304 1505 esui
331 1444 364 1504 et
390 1440 484 1525 potui
509 1440 630 1522 forent,
661 1440 716 1503 sed
744 1447 796 1502 tus
821 1462 947 1524 quoque
971 1447 1004 1506 et
1026 1463 1135 1507 cereos

10 1567 11 1576 ÷
124 1531 159 1594 in
190 1551 276 1612 penu
308 1550 390 1612 esse,
424 1528 509 1612 quod
542 1532 628 1592 esset
661 1529 728 1592 eius
756 1528 900 1592 familiae
927 1551 1024 1595 causa
1052 1551 1136 1595 com·

122 1623 284 1705 paratum.

215 1705 264 1773 8¹³.
296 1705 334 1771 D.
356 1706 407 1790 33,
427 1706 457 1788 9,
475 1707 505 1788 3,
524 1706 553 1770 9.
603 1703 765 1788 Ulpianus
792 1705 876 1769 libro
903 1706 1058 1771 vicesimo
1088 1729 1136 1771 se-

125 1795 229 1862 cundo
255 1795 296 1860 ad
320 1793 475 1859 Sabinum
495 1791 545 1882 (P.
565 1795 675 1878 2641).
698 1842 728 1858 ..
748 1798 781 1858 et
799 1793 937 1870 Quintus
956 1793 1080 1858 Mucius
1104 1799 1136 1860 et

9 1953 10 1960 ,
126 1884 242 1950 Ofilius
266 1889 465 1969 negaverunt
565 1883 650 1948 idem
674 1885 784 1947 etius
808 1887 841 1947 et
864 1904 952 1954 ceras
976 1883 1137 1948 contineri

9 1997 10 2000 ¹
123 1978 333 2059 negaverunt

214 2062 257 2126 9?
280 2061 319 2126 D.
335 2062 387 2144 33,
401 2062 431 2144 9,
445 2063 475 2142 3,
491 2062 519 2126 l.
551 2059 711 2145 Ulpianus
730 2060 813 2125 libro
828 2060 980 2125 vicesimo
995 2060 1135 2126 secundo

125 2151 166 2216 ad
195 2148 351 2215 Sabinum
377 2146 426 2236 (P.
446 2148 557 2234 2641).
604 2146 709 2214 Simili
736 2149 831 2214 modo
860 2153 893 2213 et
919 2149 1135 2214 iumentorum

125 2239 247 2305 cibaria
266 2239 363 2323 penui
382 2240 598 2321 continentur,
617 2237 672 2301 sed
692 2260 802 2302 eorum
821 2239 1037 2304 iumentorum
1054 2261 1136 2322 quae

124 2329 237 2394 usibus
261 2327 363 2411 ipsius
387 2330 420 2391 et
444 2327 621 2392 amicorum
644 2327 842 2392 deserviunt:
865 2332 1006 2392 ceterum
1026 2329 1053 2392 si
1072 2349 1136 2411 qua

125 2419 271 2482 iumenta
294 2417 381 2500 agris
406 2415 630 2480 deserviebant
650 2415 702 2480 vel
720 2417 918 2499 locabantur,
941 2416 1049 2500 legato
1069 2439 1136 2480 non

126 2507 236 2571 cedere
259 2505 382 2569 cibaria
405 2526 523 2569 eorum.

215 2626 268 2699 ,In
292 2625 359 2684 dem
377 2623 512 2684 Infinitiv
535 2619 647 2700 ‘legato
670 2642 730 2683 non
753 2617 867 2682 cedere’
892 2623 960 2682 tritt
978 2623 1042 2681 hier
1060 2626 1136 2683 noch

126 2714 179 2774 das
207 2714 288 2776 Citat
319 2714 440 2790 horror,
473 2733 503 2772 es
536 2714 610 2772 wird
637 2713 718 2772 wohl
745 2713 793 2770 ein
821 2713 887 2770 dem
917 2710 1045 2771 Sabinus
1073 2715 1135 2771 ent-'

125 2822 295 2862 nommenes
324 2800 407 2861 Oitat
434 2821 488 2860 aus
515 2801 631 2860 Mucius
658 2821 696 2860 zu
722 2801 881 2860 verstehen
909 2796 998 2860 sein¹‘.
1043 2800 1136 2861 Lenel

126 2891 367 2968 Sabinussystem
390 2912 419 2967 p.
438 2893 479 2950 49
500 2910 527 2950 n.
548 2892 577 2949 2.

216 3012 266 3076 10.
299 3010 380 3074 Plin.
403 3009 433 3074 h.
457 3032 488 3074 n.
513 3009 714 3093 14,13,15.
749 3045 787 3054 -
821 3007 1019 3074 Lautissima
1051 3010 1136 3093 apud

125 3102 248 3184 priscos
276 3100 353 3164 vina
381 3102 474 3170 erant
502 3119 629 3162 murrae
653 3097 750 3162 odore
775 3097 917 3180 condita,
945 3102 981 3161 ut
1002 3099 1137 3182 apparet

125 3192 159 3253 in
178 3188 286 3252 Plauti
308 3187 418 3252 fabula
441 3209 522 3272 quae
542 3186 642 3251 Persa
664 3186 861 3267 inscribitur,
884 3208 1078 3270 quamquam
1102 3188 1136 3251 in

126 3299 163 3342 ea
196 3281 229 3341 et
261 3277 419 3341 calamum
452 3276 526 3340 addi
557 3275 655 3339 iubet.
705 3273 778 3338 ideo
808 3274 938 3359 quidam
967 3275 1136 3340 aromatite

126 3367 301 3431 delectatos
325 3365 464 3429 maxime
488 3363 631 3447 credunt,
654 3363 710 3427 sed
733 3361 853 3428 Fabius
875 3361 1061 3428 Dossennus
1084 3362 1135 3426 his

126 3455 274 3520 versibus
298 3454 460 3518 decernet:

261 3567 447 3632 ‘Mittebum
471 3569 580 3632 vinum
605 3567 789 3650 pulchrum,
813 3562 1002 3628 murrinam'
