2602 3912
387 945 457 1043 IV.
501 944 725 1044 SEPTIMI
757 944 992 1044 SAEOULI

182 1123 329 1224 IURIS
350 1121 749 1223 OONSULTORUM
766 1121 955 1222 SLRIES
970 1124 1194 1223 ALTERA

184 1345 206 1391 1.
233 1337 264 1403 Q.
284 1336 381 1392 Aelius
400 1335 519 1392 Tubero.
549 1368 582 1376 —
611 1343 636 1393 2.
655 1335 685 1391 L.
705 1335 816 1392 Caelius
835 1335 992 1406 Antipater.
1021 1368 1054 1377 -
1083 1344 1108 1392 3.
1129 1337 1192 1394 Sex.

182 1408 338 1478 Pompeius.
353 1439 386 1448 -
406 1413 431 1462 4.
446 1407 477 1464 P.
491 1407 615 1463 Rutilius
628 1406 724 1462 Rufus.
740 1439 775 1449 -
793 1413 818 1462 5.
834 1408 864 1462 L.
878 1406 1002 1462 Licinius
1016 1407 1142 1465 Crassus.
1158 1441 1193 1451 -

278 1485 293 1533 6
321 1477 349 1534 C.
368 1477 523 1550 (Visellius)
541 1479 656 1535 Aculeo.
676 1511 709 1520 -
729 1485 753 1534 7.
774 1477 803 1544 Q.
822 1477 931 1533 Mucius
951 1479 1093 1536 Scaevola.

418 1695 456 1775 l.
495 1699 534 1783 Q.
563 1696 736 1770 AELIUS
766 1697 955 1770 TUBERO

269 1844 301 1903 L.
325 1843 449 1902 Aemilii
476 1842 564 1901 Pauli
595 1860 687 1917 napos
720 1843 750 1900 ct
776 1839 912 1900 Africani
940 1842 1061 1901 minoris
1090 1861 1196 1903 conso·

180 1933 293 2008 brinus,
316 1931 453 1990 Panaetii
476 1930 649 2006 discipulus,
671 1933 793 2006 praetor
816 1930 935 1990 circiter
959 1924 1108 2010 631s123,
1133 1951 1196 1994 cos.

180 2023 245 2082 suff.
271 2014 420 2099 cassula.

268 2108 450 2184 Pomponius
477 2104 558 2182 §44
587 2101 640 2166 ‘ab
668 2106 714 2166 his
743 2099 789 2188 (P.
813 2107 925 2184 Mucio,
950 2108 1046 2167 Bruto
1075 2112 1106 2168 et
1128 2110 1194 2169 Ma-

180 2189 268 2278 nilio)
292 2196 419 2274 profecti
442 2199 513 2255 sunt
532 2240 582 2255 ...
607 2193 736 2266 Quintus
756 2195 873 2256 Tubero
896 2197 948 2256 ille
967 2197 1089 2274 stoicus,
1113 2198 1193 2258 Pan·

180 2306 229 2347 sae
249 2279 282 2367 (l.
302 2278 451 2362 Panaetii)
472 2285 599 2359 auditor,
619 2285 671 2362 qui
690 2289 720 2344 ct
738 2285 801 2361 ipsa
820 2279 945 2345 consul'.
987 2284 1090 2346 Cicero
1110 2289 1195 2364 apud

180 2376 255 2436 Gell.
282 2377 313 2452 1,
335 2376 428 2452 aa?
462 2369 532 2433 ‘nec
564 2393 635 2434 vero
668 2374 793 2433 scientia
824 2374 898 2433 iuris
930 2374 1095 2434 maioribus
1128 2377 1194 2437 suis

180 2464 213 2534 Q.
232 2464 337 2523 Aelius
356 2462 475 2522 Tubero
498 2463 603 2540 defuic,
627 2462 762 2522 doctrina
785 2463 877 2522 otiam
895 2457 1062 2539 superfuit'.
1104 2464 1192 2526 Brut.

182 2557 243 2614 117
274 2547 354 2613 ‘vita
381 2570 502 2612 severus
525 2555 556 2612 et
580 2570 746 2628 congruens
770 2570 839 2610 cum
861 2571 897 2611 ea
919 2551 1077 2628 disciplina
1100 2573 1193 2631 quam

180 2643 305 2720 colebat,
328 2641 418 2720 paulo
442 2641 534 2701 etiam
556 2641 658 2701 durior
677 2688 683 2699 .
699 2689 705 2700 .
722 2688 727 2699 .
747 2641 805 2700 luit
828 2644 930 2700 autem
954 2644 1093 2702 constans
1118 2643 1193 2704 civis

180 2736 210 2792 et
232 2732 320 2791 fortis
344 2734 374 2790 et
396 2731 428 2789 in
450 2730 555 2806 primis
578 2728 609 2789 0.
633 2729 767 2790 Graccho
790 2724 954 2790 molestus'.

246 2819 331 2880 Libri
349 2819 385 2878 de
403 2819 468 2878 iura
487 2819 608 2896 publico
626 2838 686 2878 non
704 2819 802 2896 huius,
826 2819 878 2878 sod
897 2819 1021 2878 alterius
1041 2818 1073 2888 Q.
1093 2819 1193 2880 Tube-

179 2909 268 2982 ronis,
293 2908 345 2986 qui
368 2905 489 2967 Ofilium
512 2910 633 2967 secutus
657 2911 716 2980 ast,
741 2907 880 2967 videntur
902 2925 975 2967 esse.

363 3219 398 3300 2.
435 3224 473 3298 L.
502 3222 702 3296 CAELIUS
729 3223 1007 3297 ANTIPATER

269 3368 372 3430 Cicero
392 3369 477 3428 Brut.
498 3370 560 3429 102
585 3361 737 3446 ‘scriptam
761 3369 909 3445 quemad
931 3369 1053 3428 modum
1071 3371 1191 3452 videtis,

179 3461 252 3538 fuit,
279 3462 314 3518 ut
340 3457 525 3534 temporibus
552 3457 612 3517 illis
639 3457 822 3534 luculentus,
849 3457 923 3516 iuris
950 3459 1038 3518 valde
1065 3460 1190 3536 peritus,

179 3550 343 3609 multorum
370 3547 471 3616 etiam,
499 3550 534 3606 ut
556 3546 588 3606 L.
609 3545 710 3607 Crassi
733 3538 897 3628 (614s140
923 3541 1001 3627 nati)
1024 3545 1190 3625 magister?
