2614 3914
414 213 439 264 5.
463 207 492 264 O.
507 207 710 264 TREBATIUS
730 207 849 264 TESTA
1071 208 1134 272 391

124 376 162 434 D.
182 377 238 448 32,
260 378 301 437 30
311 395 367 452 pr.;
395 377 472 436 libro
491 376 522 435 ΙΙ
549 369 702 436 ‘existimo
725 421 790 447 ...,
818 376 898 452 qnod
924 379 955 438 et
978 376 1137 436 Trebatius

124 458 291 541 respondit'
319 465 355 523 D.
376 467 427 540 32,
447 467 497 538 30,
513 468 546 541 23
579 459 690 525 ‘Labeo
719 465 878 525 Trebatius
905 459 1136 541 responderunt'

123 553 160 613 D.
177 555 228 624 33,
250 556 322 631 100,
336 555 370 630 4,
387 547 547 628 ¹<respondi
566 601 572 614 .
588 601 596 616 .
612 599 628 630 .,
647 554 727 630 quod
745 557 777 614 et
794 548 965 614 Trebatius’
989 554 1025 614 D.
1042 555 1092 630 33,
1108 556 1136 626 8,

125 646 232 720 20,1;
260 637 376 701 ‘Labeo
405 640 510 702 Ofilius
538 642 696 702 Trebatius
724 637 957 718 responderunt'
985 642 1021 703 D.
1042 644 1137 718 35,1,

124 733 177 807 40,
193 734 227 807 4,
251 725 422 790 ‘Trebatius
444 725 610 808 rasponus
633 731 669 791 u.
684 731 755 791 iera.
770 729 790 808 a
805 733 840 808 e,
863 731 940 790 nem
958 731 1002 790 iv
1026 725 1136 790 ‘nanee

125 819 287 878 Trebatius
320 815 554 895 responderunt'
585 820 623 879 D.
637 823 690 898 40,
705 823 735 898 9,
754 823 805 896 39,
821 823 855 897 2,
888 813 1137 880 ‘LabeoOiilius

124 909 353 986 responderunt,
377 908 535 968 Trebatius
554 909 581 967 si
595 955 601 969 .
613 953 620 968 .
632 955 648 984 .,
667 902 758 968 idsm'
776 909 813 970 D.
827 906 931 984 ibide
949 912 979 984 13
1003 907 1079 967 libro
1093 907 1138 966 VI

126 991 300 1057 ‘Trebatius
323 989 490 1073 respondit’
514 998 547 1057 D.
568 999 663 1074 24,1,
683 991 749 1079 64),
1001 1061 1003 1064 ,

214 1087 242 1146 Α
266 1085 401 1146 Trebatii
426 1087 576 1162 responsis
600 1087 676 1146 aliae
700 1086 834 1146 eiusdem
857 1086 1034 1158 sententiae,
1063 1103 1137 1162 quas

124 1175 156 1233 in
179 1174 265 1234 libris
288 1175 438 1250 exposuit,
462 1177 542 1234 certo
567 1175 680 1235 secerni
703 1195 763 1235 non
784 1175 896 1251 ubique
919 1177 1054 1250 possunt.

506 1335 553 1394 De
576 1338 758 1395 testamentis.
858 1299 861 1304 ι

217 1435 245 1500 1.
273 1433 314 1500 D.
333 1435 386 1515 28,
405 1435 435 1520 5,
456 1437 505 1501 70.
537 1435 693 1501 Proculus
717 1437 801 1501 libro
825 1436 964 1502 secundo
987 1436 1138 1521 epistula·

125 1547 198 1589 rum
222 1521 272 1611 (P.
287 1520 334 1610 4).
371 1521 555 1590 ‘Cornelius
580 1529 612 1588 et
635 1524 789 1608 Maevius,
811 1530 885 1590 uter
908 1546 1019 1590 eorum
1041 1525 1138 1608 volet,

126 1615 219 1678 heres
252 1611 345 1678 esto'.
399 1616 533 1698 uterque
565 1613 650 1678 vult:
683 1613 853 1678 Trebatius
885 1617 1037 1679 neutrum
1068 1613 1137 1678 fore

21 1781 23 1788 Ι
125 1702 287 1766 heredem.

215 1791 245 1856 2.
269 1789 307 1854 D.
322 1789 374 1872 28,
389 1791 418 1872 6,
433 1790 475 1856 39
485 1812 532 1873 pr.
557 1784 729 1855 Iavolenus
748 1789 832 1866 libro
850 1790 956 1876 primo
976 1812 1015 1855 ex
1033 1793 1138 1874 poste·

125 1879 266 1944 rioribus
294 1878 454 1944 Labeonis
482 1877 531 1965 (P.
552 1877 639 1965 164).
690 1877 772 1944 Cum
800 1901 839 1943 ex
866 1879 933 1943 filio
962 1878 1033 1963 quis
1058 1877 1137 1944 duos

125 1971 260 2052 nepotes
297 1967 480 2052 impuberes
513 1967 669 2052 habebat,
703 1967 759 2033 sed
791 1964 929 2032 alterum
962 1988 1072 2032 eorum
1104 1967 1137 2032 in

125 2059 303 2140 potestate,
327 2057 464 2120 alterum
487 2078 565 2140 non,
589 2061 622 2121 et
649 2057 746 2122 vellet
772 2060 942 2140 utrumque
966 2078 1004 2121 ex
1029 2057 1137 2140 aequis

125 2145 275 2230 partibus
303 2143 451 2208 heredem
479 2144 598 2210 habere
627 2151 673 2231 et,
701 2145 730 2210 si
759 2147 830 2231 quis
854 2168 893 2210 ex
915 2145 968 2210 his
990 2145 1138 2228 impubes

125 2233 329 2318 decessisset,
366 2232 407 2297 ad
444 2234 581 2298 alterum
618 2239 743 2318 partem
779 2236 847 2299 eins
879 2234 1068 2299 transferre:
1100 2255 1138 2298 ex

125 2323 262 2388 oonsilio
286 2321 446 2387 Labeonis
470 2319 559 2388 Ofilii
583 2320 733 2388 Cascellii
756 2323 902 2388 Trebatii
930 2345 1016 2404 eum,
1044 2344 1138 2406 quem

125 2412 160 2476 in
187 2415 349 2495 potestate
378 2410 534 2495 habebat,
565 2412 670 2476 solum
697 2412 848 2478 heredem
876 2413 952 2477 lecit
981 2419 1013 2476 et
1035 2413 1076 2476 ab
1100 2433 1138 2476 eo

126 2499 222 2565 alteri
246 2499 412 2564 dimidiam
431 2503 559 2584 partem
577 2499 778 2584 hereditatis,
801 2523 873 2564 cum
892 2501 926 2564 in
946 2522 1037 2564 suam
1056 2504 1138 2564 tute-

125 2589 192 2653 lam
216 2588 365 2671 venisset,
388 2588 520 2674 legavit:
546 2588 631 2672 quod
654 2589 683 2650 si
704 2587 743 2673 is,
767 2589 822 2672 qui
845 2589 879 2652 in
897 2591 1057 2671 potestate
1081 2610 1138 2652 sna

126 2681 226 2756 esset,
255 2677 402 2762 impubes
431 2676 630 2760 decessisset,
663 2677 802 2740 alterum
829 2676 979 2740 heredem
1007 2678 1036 2739 ei
1067 2677 1139 2741 snb·

126 2766 244 2830 stituit.

216 2855 259 2918 3⁸.
287 2853 326 2920 D.
345 2855 401 2937 28,
421 2854 456 2935 5,
474 2855 517 2920 60
532 2877 578 2940 pr.
625 2852 736 2920 Celsus
775 2854 860 2920 libro
893 2857 983 2919 sexto
1017 2853 1139 2918 decimo

126 2943 336 3026 Digestorum
365 2941 414 3030 (P.
436 2939 524 3032 126).
574 2941 672 3008 Liber
703 2943 800 3009 homo
833 2965 906 3008 cum
937 2943 999 3008 tibi
1030 2942 1140 3026 <bona

126 3031 211 3115 fide>
235 3032 378 3110 serviret,
400 3031 494 3097 heres
517 3031 686 3098 institutus
710 3032 800 3098 iussn
819 3038 876 3098 tuo
896 3032 984 3100 adiit.
1021 3032 1138 3097 Treba·

7 3155 8 3168 .
125 3121 192 3185 tius
217 3142 286 3184 esse
310 3142 383 3185 eum
405 3120 564 3187 heredem.

216 3207 260 3275 3b.
289 3208 447 3290 D.41,1,
464 3210 514 3275 19.
554 3209 751 3295 Pomponius
779 3210 862 3276 libro
890 3211 987 3275 tertio
1016 3209 1057 3273 ad
1084 3209 1139 3274 Sa-

7 3287 8 3312 ³
126 3299 240 3363 binum
268 3295 319 3384 (P.
336 3297 426 3383 414).
476 3297 646 3364 Trebatius
675 3301 702 3363 si
730 3299 812 3363 liber
839 3299 936 3364 homo
964 3300 1049 3363 bona
1077 3297 1139 3362 fide

127 3387 270 3452 serviens
303 3388 393 3452 iussu
426 3387 494 3452 eins
534 3388 585 3452 cui
621 3387 739 3452 serviet
770 3387 979 3452 hereditatem
1012 3387 1140 3466 adisset,

21 3553 24 3558 Ι
126 3476 278 3540 heredem
305 3476 413 3560 ipsum
440 3476 511 3540 fieri
539 3497 598 3540 nec
625 3477 779 3542 interesse
808 3476 883 3560 quid
910 3475 1045 3540 senserit
1069 3474 1140 3560 [sed

127 3565 205 3648 quid
227 3565 365 3645 fecerit}
