2600 3908
181 217 224 282 84
261 218 307 272 IV.
328 216 476 274 SEPTIMI
492 217 590 274 SAEC.
605 215 702 273 IURIS
718 215 891 272 CONSULT.
907 216 1032 272 SDROES
1046 216 1195 272 ALTERA
1229 249 1231 254 ·

182 405 274 446 causa
311 386 439 462 exempli
475 362 574 463 gretia
610 385 696 446 uxori
734 385 844 445 donare
881 388 967 460 patre
1001 385 1196 462 permittente

74 508 75 512 =
181 478 308 552 poterat.
351 475 400 533 cui
418 476 462 533 ita
480 475 625 534 donatum
643 478 718 552 erat,
741 475 833 533 saeris
852 474 1104 551 adstringebatur,
1128 492 1196 532 cnm

181 564 360 624 tantundem
378 563 524 623 donatum
543 566 622 622 esset
640 566 786 638 quantum
806 563 1023 638 paterfamilias
1036 563 1197 623 retinebat.

182 654 324 730 quoniam
356 652 442 712 nulla
469 651 591 711 donatio
618 654 739 728 praeter
766 652 851 710 uxori
879 652 927 710 vel
955 650 1058 710 liberis
1085 651 1195 710 factam

181 744 214 800 in
245 760 303 801 usu
335 745 413 818 erat,
447 741 489 800 sic
520 759 639 818 quoque
668 759 754 800 saera
779 740 811 798 in
838 739 954 798 familia
980 739 1197 800 retinebantur.

180 829 313 890 Kuebler
336 830 367 890 Z.
386 830 414 890 d.
434 828 624 907 Savigny·St.
642 829 694 906 XI,
714 831 852 889 39-45.

272 929 384 996 Cicero
410 930 449 994 de
472 930 571 1012 legib.
594 931 625 1011 2,
644 931 696 1014 20,
715 929 767 995 50.
795 966 837 976 -
865 929 905 993 In
933 883 1106 995 donatione
1135 930 1197 995 hoc

183 1019 241 1100 (sc.
269 1019 350 1083 illud
380 1019 574 1084 tantundem
606 1023 639 1083 et
670 1019 777 1082 minus
806 1014 935 1104 capere)
964 1018 1062 1082 iidem
1090 1017 1198 1105 (Scae-

183 1108 291 1192 volae)
323 1109 592 1192 interpretantur:
624 1111 657 1172 et
690 1107 775 1194 quod
802 1107 1038 1192 paterfamilias
1067 1109 1100 1171 in
1129 1109 1198 1172 eins

183 1198 369 1281 donatione,
409 1197 465 1280 qui
496 1196 531 1260 in
565 1196 634 1261 eius
666 1199 828 1280 potestate
861 1201 959 1278 esset,
996 1196 1199 1281 approbavit,

183 1289 291 1351 ratum
314 1289 377 1370 est3
401 1284 487 1370 quod
510 1306 547 1349 eo
572 1283 731 1350 insciente
754 1285 877 1350 factum
900 1289 960 1368 est,
982 1284 1011 1348 si
1033 1285 1061 1348 is
1080 1285 1112 1348 id
1131 1305 1198 1349 non

184 1375 359 1460 approbat,
381 1377 489 1439 ratum
512 1395 577 1438 non
601 1378 660 1438 est.

515 1563 516 1568 ¹
557 1573 666 1634 Liber·
688 1573 737 1634 V?
759 1573 824 1638 VI?

525 1689 677 1749 Occurrunt
699 1691 865 1750 dividundo.

274 1805 347 1864 Tria
383 1804 566 1884 fragmenta,
603 1823 679 1881 quae
716 1823 753 1863 ex
784 1804 942 1879 Pomponii
972 1805 1050 1864 libro
1083 1804 1198 1865 decimo

187 1897 296 1972 quarto
321 1895 440 1954 exstant
463 1911 597 1971 quaeque
622 1894 660 1952 ed
681 1894 832 1952 communi
854 1893 1017 1952 dividundo
1041 1893 1200 1954 arbitrium

185 1985 298 2061 optime
332 1983 439 2042 referri
469 1985 609 2059 possunt,
640 1981 773 2041 Mucium
803 1982 908 2058 quinto
935 1985 983 2041 vel
1011 1987 1094 2042 sexto
1122 1983 1200 2043 libro

188 2073 225 2132 de
257 2072 361 2132 eodem
393 2071 518 2130 arbitrio
547 2071 702 2148 scripsisse
730 2069 839 2129 indicio
867 2071 936 2130 sint.
986 2091 1081 2130 unum
1107 2071 1201 2132 Mucii

186 2162 391 2240 fragmentum
413 2155 505 2219 huius
528 2159 586 2219 loci
608 2159 729 2219 videtur
751 2177 826 2219 esse.
907 2217 910 2224 ,

275 2259 315 2326 D.
334 2259 387 2340 50,
407 2261 458 2341 16,
477 2260 530 2345 25,
551 2261 567 2324 1
593 2259 714 2324 Paulus
733 2260 816 2324 libro
836 2260 1014 2326 vicensimo
1033 2262 1138 2346 primo
1159 2263 1200 2328 ad

187 2349 328 2415 edictum
348 2345 398 2435 (P.
413 2347 522 2436 33912).
566 2348 705 2424 Quintus
724 2347 849 2413 Mucius
871 2349 918 2414 ait
935 2351 1037 2434 partis
1057 2352 1201 2435 appella-

187 2440 276 2504 tione
296 2460 365 2502 rem
384 2460 442 2522 pro
462 2438 600 2502 indiviso
621 2437 812 2523 significari:
830 2459 906 2502 nam
922 2439 1008 2522 quod
1022 2461 1080 2522 pro
1096 2439 1200 2507 diviso

187 2532 337 2594 nostrum
362 2529 419 2609 sit,
441 2527 475 2590 id
498 2548 563 2591 non
586 2532 726 2611 partem,
752 2526 807 2590 sed
830 2530 935 2591 totum
960 2549 1039 2592 esse.

587 2728 696 2786 siber
719 2726 798 2786 vu?
887 2740 890 2746 ·
986 2711 989 2715 ’

485 2843 531 2902 Do
553 2845 598 2902 rei
619 2845 741 2902 croatiae
764 2843 904 2902 arbitrio?

276 2957 325 3016 An
354 2956 389 3014 de
418 2957 487 3016 dote
510 2955 543 3026 Q.
561 2956 679 3016 Mucius
706 2955 872 3033 scripserit,
899 2957 1024 3016 dubium
1047 2961 1105 3034 est,
1132 2978 1201 3020 cum

189 3065 285 3122 neque
314 3045 393 3104 dctis
419 3063 517 3122 neque
545 3044 588 3103 rei
614 3044 737 3104 uxoriae
765 3045 884 3104 arbitrii
910 3063 1037 3123 usquam
1065 3047 1097 3105 in
1120 3048 1200 3128 frag·

189 3135 299 3194 mentis
322 3133 433 3193 mantio
457 3133 519 3193 fiat.
559 3134 591 3191 in
609 3133 767 3209 Pomponii
789 3134 827 3200 ad
844 3133 978 3193 Mucium
1000 3131 1085 3195 libris
1103 3156 1201 3213 pauca

190 3225 226 3284 de
255 3224 323 3283 dote
351 3221 544 3299 reperiuntur
570 3221 606 3282 D.
631 3225 686 3298 23,
707 3224 740 3300 3,
760 3223 800 3284 65
826 3225 857 3282 et
881 3224 921 3284 66
952 3217 997 3303 (P.
1018 3226 1090 3301 243,
1111 3219 1200 3307 254),

189 3333 258 3375 cum
276 3312 411 3372 inlibris
430 3311 469 3371 ad
488 3310 631 3370 Sabinum
646 3311 828 3387 Pomponius
847 3311 931 3372 libris
951 3313 1064 3372 decimo
1084 3318 1199 3394 quarto,

189 3404 309 3482 quinto,
337 3403 420 3461 sexto
448 3401 484 3460 de
512 3400 576 3460 iure
604 3400 720 3460 dotium
747 3401 902 3478 scripserit
929 3394 977 3482 (P.
1000 3398 1199 3482 ean-637).

278 3489 465 3568 Quamquam
487 3489 546 3549 iam
571 3490 602 3550 P.
621 3489 754 3550 Mucium
777 3490 813 3549 de
834 3488 866 3551 C.
887 3489 1054 3565 Sempronii
1074 3490 1200 3552 Gracchi

189 3581 297 3642 riduee
313 3581 382 3642 dote
395 3571 572 3656 responsuin
586 3579 702 3642 dedisse
717 3580 826 3640 scimus
841 3572 892 3660 (D.
908 3580 959 3655 24,
972 3580 1001 3656 3,
1013 3570 1078 3661 66),
1097 3583 1199 3644 tamen
